3327 5013
1616 406 1699 477 13

482 616 696 690 παιδὸς
748 614 1046 704 δὺσφορον
1096 614 1262 680 ἄταν.
1314 612 1456 686 οἷος.
1528 610 1685 674 Ant.
1752 608 1919 674 1228
1987 608 2095 676 Tr.
2153 612 2319 674 1112
2391 608 2497 676 Ai.
2543 610 2679 690 923
2726 606 2827 686 ὡς.

484 730 582 796 El.
644 732 768 794 807
834 732 1001 796 1199
1062 728 1178 796 ΟΒ
1240 704 1406 792 1347
1472 728 1584 790 Tr.
1640 726 1827 792 1243.
1923 726 2107 790 Mera
2163 726 2513 808 invocatio,
2575 726 2641 788 in
2701 750 2829 812 qua

484 846 680 910 totius
714 846 838 910 loci
872 846 1142 908 affectus
1174 844 1360 926 inest,
1414 842 1747 906 antecedit
1779 844 1941 916 ὅσος.
1993 840 2111 906 OR
2143 842 2273 906 380
2310 844 2477 906 1223
2513 842 2621 906 Ai.
2663 828 2833 906 1004

484 966 628 1038 οἷος.
684 960 846 1024 Phil.
908 964 1030 1028 991
1098 960 1268 1024 1004
1330 960 1498 1024 1006
1558 958 1677 1022 OR
1737 960 1905 1026 1223
1969 958 2139 1022 1394
2193 958 2301 1020 Tr.
2355 960 2485 1024 994
2531 960 2615 1034 ὡς
2663 956 2827 1020 Phil.

490 1080 656 1142 1006
706 1076 842 1142 OR.
894 1076 1062 1140 1186
1114 1074 1196 1140 all
1244 1074 1308 1138 11.
1360 1074 1794 1140 Inveniuntur
1843 1074 2035 1136 etiam
2085 1072 2233 1158 loci,
2283 1074 2519 1158 quibus
2569 1074 2651 1148 ὡς
2701 1094 2828 1134 11611

484 1194 742 1278 habeat,-
792 1216 1071 1278 quocum
1118 1192 1284 1254 bene
1334 1192 1767 1272 coniungatur
1811 1190 1895 1254 cf.
1931 1212 1995 1274 p.
2029 1190 2091 1272 8,
2143 1188 2261 1254 OR
2299 1189 2465 1252 1186
2501 1188 2599 1254 El.
2641 1190 2829 1254 1126.

488 1310 732 1374 Contra
780 1318 930 1372 sunt
978 1312 1232 1392 quoque
1282 1306 1424 1386 loci,
1476 1306 1671 1390 pauci
1719 1328 1875 1370 sane
1925 1314 2093 1388 sunt,
2145 1306 2379 1390 quibus
2415 1306 2511 1368 vis
2545 1304 2831 1390 explica-

488 1426 680 1488 tionis
732 1424 904 1488 nullo
954 1424 1144 1486 modo
1194 1424 1388 1486 statui
1438 1424 1658 1506 possit,
1719 1422 1873 1508 quia
1923 1422 2157 1484 locutio
2205 1444 2333 1484 non
2385 1422 2739 1502 antecedit,
2791 1443 2831 1484 a

488 1564 618 1624 qua
664 1564 718 1606 6.
768 1562 822 1604 r.
870 1540 1326 1624 suspendatur.
1378 1542 1502 1614 οἷος
1554 1538 1671 1602 OR
1709 1540 1833 1602 726
1869 1540 1991 1606 οἷόν
2025 1542 2267 1626 με-’έχει
2303 1546 2507 1626 ψυχῆς
2539 1542 2829 1626 πλάνημα

488 1658 590 1722 Ai.
644 1640 766 1720 221
822 1658 984 1732 ὅσος.
1036 1654 1150 1720 OC
1202 1658 1330 1720 876
1380 1656 1462 1730 ὡς
1512 1656 1622 1720 Tr.
1673 1656 1823 1720 395.
1921 1654 2141 1734 Quare
2189 1676 2319 1716 non
2369 1676 2537 1736 nego
2587 1676 2679 1718 66.
2717 1676 2827 1736 rr„

488 1794 652 1856 quae
702 1770 1144 1836 exclamativa
1194 1778 1536 1852 vocantur,
1596 1770 1913 1854 paulatim
1959 1792 2079 1832 11511
2129 1778 2441 1854 perpetuo
2491 1770 2829 1832 immutata

486 1886 548 1948 in
614 1888 948 1972 propriam
1010 1886 1318 1972 loquendi
1386 1886 1663 1948 formam
1731 1884 1991 1950 abiisse.
2085 1860 2423 1970 Exempla
2471 1884 2833 1970 Sophoclea

488 2002 850 2088 Ellendtius
900 1986 986 2066 in.
1016 2004 1144 2070 lex.
1196 2004 1392 2086 Soph.
1444 2026 1592 2066 cum
1636 2002 1713 2066 iis
1747 2002 1903 2066 locis
1939 2002 2295 2086 coniungit,
2345 2002 2579 2086 quibus
2615 2026 2707 2068 ee.
2743 2026 2829 2068 rr.

488 2122 674 2210 (ὅσος,
710 2122 854 2198 οἷος,
888 2122 972 2196 ὡς
1006 2172 1020 2184 .
1056 2170 1068 2184 .
1104 2122 1146 2204 .)
1194 2118 1558 2182 subiectum
1606 2118 1711 2184 vel
1763 2120 2089 2182 obiectum
2137 2118 2324 2182 verbi
2371 2118 2691 2182 sentiendi
2729 2118 2831 2182 vel

492 2236 876 2300 declarandi
936 2236 1286 2302 continent.
1382 2236 1492 2300 Tr.
1544 2234 1673 2300 988
1723 2236 2115 2324 ἇρ’ἐξῄδησθ·’
2165 2236 2305 2302 ὅσον
2353 2236 2425 2324 ἦν
2471 2238 2687 2322 κέρδος
2749 2236 2831 2298 cf.

490 2354 594 2417 Ai.
634 2354 780 2435 118,
818 2352 947 2415 304
982 2350 1088 2417 all.
1140 2350 1530 2415 Huiusmodi
1566 2351 1873 2435 exempla
1907 2350 2265 2415 Ellendtius
2309 2372 2455 2429 cum
2507 2350 2831 2435 prioribus

490 2469 792 2551 conectit,
858 2477 1004 2531 cum
1054 2467 1242 2531 dicit:
1318 2467 1468 2553 2Sed
1516 2489 1701 2531 suam
1751 2475 1813 2529 et
1861 2467 2257 2551 peculiarem
2305 2469 2429 2543 οἷος
2483 2467 2833 2529 dictionem

490 2583 706 2669 habet,
768 2605 916 2649 cum
962 2587 1028 2647 in
1076 2583 1398 2647 sententia
1442 2589 1793 2673 σχετλὶασις
1843 2583 2029 2667 inest,
2099 2605 2243 2647 cum
2295 2592 2407 2647 aut
2455 2591 2833 2667 reputamus

490 2701 664 2783 apud
714 2723 830 2763 nos
878 2700 1186 2763 mirantes
1234 2699 1340 2763 vel
1396 2699 1881 2783 indignabundi
1943 2699 2045 2763 vel
2107 2699 2423 2763 laetantes
2491 2709 2601 2763 aut
2667 2699 2831 2763 adeo

490 2815 934 2879 exclamamus
968 2837 1114 2879 cum
1148 2815 1375 2877 eodem
1408 2837 1600 2879 sensu
1636 2821 1777 2879 616.ἱ
1831 2815 1959 2879 Sed
1993 2815 2155 2879 haec
2189 2813 2513 2897 exempla,
2557 2835 2829 2899 quorum

490 2931 598 2995 Tr.
634 2931 763 2995 988
796 2938 914 3013 est,
964 2953 1004 2993 a
1050 2929 1282 2993 nostris
1332 2929 1524 3013 plane
1572 2931 1993 3013 segreganda
2041 2937 2207 2995 sunt.
2273 2929 2529 2991 Etenim
2577 2929 2689 2993 illa
2737 2951 2829 2993 ee.

490 3069 574 3111 rr.
626 3045 910 3131 speciem
942 3045 1526 3129 interrogationum
1560 3045 2027 3109 indirectarum
2059 3067 2217 3129 prae
2249 3067 2317 3109 56
2349 3045 2589 3109 ferunt.
2639 3043 2829 3109 Nullo

490 3161 688 3243 igitur
754 3161 946 3225 modo
1014 3161 1142 3225 duo
1208 3159 1320 3225 illa
1380 3182 1624 3243 genera
1681 3159 1937 3223 misceri
1995 3159 2255 3225 licebat.
2349 3159 2599 3223 Eadem
2649 3161 2713 3223 in
2761 3183 2833 3223 re

491 3277 868 3361 peccavisse
934 3275 1090 3339 mihi
1158 3275 1416 3341 videtur
1478 3275 1823 3359 Kriigerus
1889 3275 2033 3361 (Gr.
2085 3275 2383 3361 Sprachl.
2445 3299 2507 3359 p.
2569 3277 2719 3361 134)
2769 3285 2833 3339 et

490 3391 814 3475 Taegelus
862 3393 970 3477 (de
1020 3393 1496 3457 enuntiatorum
1542 3391 1965 3465 relativorum
2003 3399 2275 3475 tempor.
2325 3391 2433 3455 fin.
2469 3413 2589 3455 usu
2621 3413 2699 3455 ac
2731 3413 2831 3455 ra-

490 3507 664 3571 tione
712 3507 778 3569 in
826 3507 958 3571 fab.
1010 3507 1206 3591 Soph.
1256 3531 1320 3591 p.
1370 3509 1402 3571 I
1450 3507 1755 3571 In.—Dis5.
1807 3507 2015 3571 Bresl.
2069 3509 2285 3593 1878).
2358 3507 2721 3569 Ellendtius
2771 3515 2833 3569 et

492 3621 816 3705 Taegelus
864 3631 1038 3687 certe
1084 3621 1246 3685 falso
1298 3623 1576 3687 afferunt
1622 3625 1777 3687 Ant.
1829 3625 1987 3705 8623
2059 3625 2199 3691 οἵων
2255 3645 2429 3685 mere
2488 3621 2831 3685 relativum

492 3751 606 3805 est.
700 3739 896 3801 Falso
944 3761 1202 3823 quoque
1249 3737 1613 3803 Ellendtius
1663 3737 1875 3801 attulit
1923 3737 2041 3801 ΟΒ
2087 3739 2237 3803 319.
2293 3739 2481 3803 1227.

852 4141 918 4207 ΙΙ.
994 4143 1078 4207 De
1126 4139 1210 4215 ὡς
1258 4141 1683 4207 coniunctione
1729 4141 2051 4225 temporali
2103 4141 2163 4205 et
2209 4141 2465 4207 causali.

706 4309 808 4373 De
842 4321 1114 4397 utraque
1148 4311 1218 4376 vi
1253 4311 1638 4395 particulae,
1689 4311 1843 4395 quia
1885 4333 1917 4373 e
1963 4309 2239 4377 relativa
2287 4318 2429 4375 orta
2471 4317 2587 4393 est,
2635 4309 2829 4373 liceat

492 4425 598 4489 hic
648 4425 894 4511 aliquid
944 4427 1280 4491 adnotare.
1348 4427 1620 4509 Legitur
1669 4425 1845 4509 apud
1895 4425 2295 4513 Aeschylum
2345 4427 2427 4501 ὡς
2477 4423 2831 4509 temporale
