<?xml version="1.0" encoding="UTF-8"?>
<!DOCTYPE html PUBLIC "-//W3C//DTD XHTML 1.0 Transitional//EN"
    "http://www.w3.org/TR/xhtml1/DTD/xhtml1-transitional.dtd">
<html xmlns="http://www.w3.org/1999/xhtml" xml:lang="en" lang="en">
 <head>
  <title>
</title>
<meta http-equiv="Content-Type" content="text/html;charset=utf-8" />
  <meta name='ocr-system' content='tesseract 3.04.00' />
  <meta name='ocr-capabilities' content='ocr_page ocr_carea ocr_par ocr_line ocrx_word'/>
</head>
<body>
  <div class='ocr_page' id='page_1' title='image "./deaeschylietsop00klasgoog_0035.png"; bbox 0 0 3327 5013; ppageno 0'>
   <div class='ocr_carea' id='block_1_1' title="bbox 1348 962 1815 1110">
    <p class='ocr_par' dir='ltr' id='par_1_1' title="bbox 1348 962 1815 1110">
     <span class='ocr_line' id='line_1_1' title="bbox 1348 962 1815 1110; baseline -0.004 0"><span class='ocrx_word' id='word_1_1' title='bbox 1348 962 1815 1110; x_wconf 68' lang='lat' dir='ltr'>VITA.</span> 
     </span>
    </p>
   </div>
   <div class='ocr_carea' id='block_1_2' title="bbox 426 1216 2775 3173">
    <p class='ocr_par' dir='ltr' id='par_1_2' title="bbox 426 1216 2775 3173">
     <span class='ocr_line' id='line_1_2' title="bbox 640 1216 2769 1306; baseline -0 -1"><span class='ocrx_word' id='word_1_2' title='bbox 640 1216 846 1306; x_wconf 82' lang='lat' dir='ltr'>Natus</span> <span class='ocrx_word' id='word_1_3' title='bbox 908 1264 1048 1304; x_wconf 91' lang='lat' dir='ltr'>sum</span> <span class='ocrx_word' id='word_1_4' title='bbox 1096 1242 1374 1306; x_wconf 86' lang='lat' dir='ltr'>Ioannes</span> <span class='ocrx_word' id='word_1_5' title='bbox 1422 1240 1915 1304; x_wconf 81' lang='lat' dir='ltr'>Maximilianus</span> <span class='ocrx_word' id='word_1_6' title='bbox 1965 1238 2211 1302; x_wconf 85' lang='lat' dir='ltr'>Klasen</span> <span class='ocrx_word' id='word_1_7' title='bbox 2263 1240 2551 1304; x_wconf 85' lang='lat' dir='ltr'>Berolini</span> <span class='ocrx_word' id='word_1_8' title='bbox 2601 1232 2769 1304; x_wconf 83' lang='lat' dir='ltr'>anno</span> 
     </span>
     <span class='ocr_line' id='line_1_3' title="bbox 426 1354 2771 1440; baseline 0.001 -22"><span class='ocrx_word' id='word_1_9' title='bbox 426 1356 614 1420; x_wconf 89' lang='lat' dir='ltr'>huius</span> <span class='ocrx_word' id='word_1_10' title='bbox 678 1356 921 1420; x_wconf 87' lang='lat' dir='ltr'>saeculi</span> <span class='ocrx_word' id='word_1_11' title='bbox 982 1356 1270 1422; x_wconf 83' lang='lat' dir='ltr'>LXXII.</span> <span class='ocrx_word' id='word_1_12' title='bbox 1332 1356 1436 1420; x_wconf 91' lang='lat' dir='ltr'>die</span> <span class='ocrx_word' id='word_1_13' title='bbox 1484 1356 1711 1422; x_wconf 84' lang='lat' dir='ltr'>XXII.</span> <span class='ocrx_word' id='word_1_14' title='bbox 1775 1378 1857 1422; x_wconf 88' lang='lat' dir='ltr'>m.</span> <span class='ocrx_word' id='word_1_15' title='bbox 1911 1354 2159 1440; x_wconf 79' lang='lat' dir='ltr'>Aprilis</span> <span class='ocrx_word' id='word_1_16' title='bbox 2209 1366 2395 1440; x_wconf 83' lang='lat' dir='ltr'>patre</span> <span class='ocrx_word' id='word_1_17' title='bbox 2467 1358 2771 1438; x_wconf 77' lang='lat' dir='ltr'>Antonin,</span> 
     </span>
     <span class='ocr_line' id='line_1_4' title="bbox 426 1473 2773 1558; baseline 0 -24"><span class='ocrx_word' id='word_1_18' title='bbox 426 1494 618 1556; x_wconf 86' lang='lat' dir='ltr'>quem</span> <span class='ocrx_word' id='word_1_19' title='bbox 666 1474 798 1536; x_wconf 88' lang='lat' dir='ltr'>fato</span> <span class='ocrx_word' id='word_1_20' title='bbox 848 1473 1086 1536; x_wconf 87' lang='lat' dir='ltr'>acerbo</span> <span class='ocrx_word' id='word_1_21' title='bbox 1134 1474 1290 1536; x_wconf 86' lang='lat' dir='ltr'>mihi</span> <span class='ocrx_word' id='word_1_22' title='bbox 1346 1495 1546 1558; x_wconf 85' lang='lat' dir='ltr'>puero</span> <span class='ocrx_word' id='word_1_23' title='bbox 1604 1482 1849 1558; x_wconf 82' lang='lat' dir='ltr'>septem</span> <span class='ocrx_word' id='word_1_24' title='bbox 1911 1494 2227 1536; x_wconf 86' lang='lat' dir='ltr'>annorum</span> <span class='ocrx_word' id='word_1_25' title='bbox 2285 1482 2577 1558; x_wconf 87' lang='lat' dir='ltr'>ereptum</span> <span class='ocrx_word' id='word_1_26' title='bbox 2635 1494 2773 1534; x_wconf 90' lang='lat' dir='ltr'>esse</span> 
     </span>
     <span class='ocr_line' id='line_1_5' title="bbox 428 1586 2771 1672; baseline 0.001 -23"><span class='ocrx_word' id='word_1_27' title='bbox 428 1586 636 1670; x_wconf 85' lang='lat' dir='ltr'>dole0,</span> <span class='ocrx_word' id='word_1_28' title='bbox 708 1596 914 1652; x_wconf 87' lang='lat' dir='ltr'>matre</span> <span class='ocrx_word' id='word_1_29' title='bbox 960 1588 1208 1652; x_wconf 85' lang='lat' dir='ltr'>Albina</span> <span class='ocrx_word' id='word_1_30' title='bbox 1256 1612 1290 1652; x_wconf 93' lang='grc'><strong>6</strong></span> <span class='ocrx_word' id='word_1_31' title='bbox 1338 1598 1530 1670; x_wconf 87' lang='lat' dir='ltr'>gente</span> <span class='ocrx_word' id='word_1_32' title='bbox 1578 1588 1871 1666; x_wconf 84' lang='lat' dir='ltr'>Mueller,</span> <span class='ocrx_word' id='word_1_33' title='bbox 1945 1610 2073 1672; x_wconf 87' lang='lat' dir='ltr'>qua</span> <span class='ocrx_word' id='word_1_34' title='bbox 2137 1588 2479 1672; x_wconf 79' lang='lat' dir='ltr'><strong>superstite</strong></span> <span class='ocrx_word' id='word_1_35' title='bbox 2547 1588 2771 1652; x_wconf 84' lang='lat' dir='ltr'>laetor.</span> 
     </span>
     <span class='ocr_line' id='line_1_6' title="bbox 428 1702 2773 1788; baseline 0.001 -24"><span class='ocrx_word' id='word_1_36' title='bbox 428 1702 658 1766; x_wconf 83' lang='lat' dir='ltr'><strong>Fidem</strong></span> <span class='ocrx_word' id='word_1_37' title='bbox 690 1704 994 1788; x_wconf 82' lang='lat' dir='ltr'>profiteor</span> <span class='ocrx_word' id='word_1_38' title='bbox 1028 1704 1432 1768; x_wconf 79' lang='lat' dir='ltr'>catholicam.</span> <span class='ocrx_word' id='word_1_39' title='bbox 1484 1704 1679 1772; x_wconf 84' lang='lat' dir='ltr'>Patre</span> <span class='ocrx_word' id='word_1_40' title='bbox 1729 1712 1977 1768; x_wconf 86' lang='lat' dir='ltr'>mortuo</span> <span class='ocrx_word' id='word_1_41' title='bbox 2029 1726 2175 1768; x_wconf 89' lang='lat' dir='ltr'>cum</span> <span class='ocrx_word' id='word_1_42' title='bbox 2217 1712 2423 1766; x_wconf 88' lang='lat' dir='ltr'>matre</span> <span class='ocrx_word' id='word_1_43' title='bbox 2457 1704 2517 1766; x_wconf 86' lang='lat' dir='ltr'>in</span> <span class='ocrx_word' id='word_1_44' title='bbox 2557 1704 2773 1767; x_wconf 83' lang='lat' dir='ltr'>vicum</span> 
     </span>
     <span class='ocr_line' id='line_1_7' title="bbox 434 1818 2775 1902; baseline -0 -20"><span class='ocrx_word' id='word_1_45' title='bbox 434 1818 770 1902; x_wconf 77' lang='lat' dir='ltr'>„Wissen“</span> <span class='ocrx_word' id='word_1_46' title='bbox 834 1820 1094 1882; x_wconf 86' lang='lat' dir='ltr'>nominc</span> <span class='ocrx_word' id='word_1_47' title='bbox 1152 1818 1238 1882; x_wconf 85' lang='lat' dir='ltr'>ad</span> <span class='ocrx_word' id='word_1_48' title='bbox 1296 1818 1562 1900; x_wconf 85' lang='lat' dir='ltr'>Siegam</span> <span class='ocrx_word' id='word_1_49' title='bbox 1620 1818 1811 1882; x_wconf 88' lang='lat' dir='ltr'>situm</span> <span class='ocrx_word' id='word_1_50' title='bbox 1869 1818 2171 1902; x_wconf 65' lang='lat' dir='ltr'>migravi.</span> <span class='ocrx_word' id='word_1_51' title='bbox 2269 1818 2401 1882; x_wconf 90' lang='lat' dir='ltr'>Ubi</span> <span class='ocrx_word' id='word_1_52' title='bbox 2465 1818 2775 1902; x_wconf 78' lang='lat' dir='ltr'>privatim</span> 
     </span>
     <span class='ocr_line' id='line_1_8' title="bbox 428 1932 2771 2020; baseline 0.001 -26"><span class='ocrx_word' id='word_1_53' title='bbox 428 1934 716 1996; x_wconf 84' lang='lat' dir='ltr'>eruditus</span> <span class='ocrx_word' id='word_1_54' title='bbox 778 1944 1088 1998; x_wconf 78' lang='lat' dir='ltr'>autumno</span> <span class='ocrx_word' id='word_1_55' title='bbox 1158 1934 1310 1998; x_wconf 87' lang='lat' dir='ltr'>anni</span> <span class='ocrx_word' id='word_1_56' title='bbox 1376 1934 1751 1998; x_wconf 84' lang='lat' dir='ltr'>LXXXIII</span> <span class='ocrx_word' id='word_1_57' title='bbox 1819 1934 1885 1996; x_wconf 88' lang='lat' dir='ltr'>in</span> <span class='ocrx_word' id='word_1_58' title='bbox 1951 1934 2053 1998; x_wconf 87' lang='lat'>111</span> <span class='ocrx_word' id='word_1_59' title='bbox 2111 1932 2383 1998; x_wconf 78' lang='lat' dir='ltr'>classem</span> <span class='ocrx_word' id='word_1_60' title='bbox 2441 1936 2771 2020; x_wconf 79' lang='lat' dir='ltr'>gymnasii</span> 
     </span>
     <span class='ocr_line' id='line_1_9' title="bbox 430 2048 2773 2134; baseline 0 -22"><span class='ocrx_word' id='word_1_61' title='bbox 430 2048 934 2132; x_wconf 77' lang='lat' dir='ltr'>Siegburgensis</span> <span class='ocrx_word' id='word_1_62' title='bbox 982 2058 1280 2134; x_wconf 89' lang='lat' dir='ltr'>receptus</span> <span class='ocrx_word' id='word_1_63' title='bbox 1330 2072 1492 2114; x_wconf 88' lang='lat' dir='ltr'>sum.</span> <span class='ocrx_word' id='word_1_64' title='bbox 1566 2050 1739 2114; x_wconf 88' lang='lat' dir='ltr'>Vere</span> <span class='ocrx_word' id='word_1_65' title='bbox 1789 2048 1943 2114; x_wconf 88' lang='lat' dir='ltr'>anni</span> <span class='ocrx_word' id='word_1_66' title='bbox 1991 2048 2115 2114; x_wconf 85' lang='lat' dir='ltr'>XO</span> <span class='ocrx_word' id='word_1_67' title='bbox 2165 2048 2551 2112; x_wconf 80' lang='lat' dir='ltr'>maturitatis</span> <span class='ocrx_word' id='word_1_68' title='bbox 2601 2050 2773 2114; x_wconf 86' lang='lat' dir='ltr'>testi-</span> 
     </span>
     <span class='ocr_line' id='line_1_10' title="bbox 430 2164 2773 2248; baseline 0.002 -24"><span class='ocrx_word' id='word_1_69' title='bbox 430 2164 642 2226; x_wconf 87' lang='lat' dir='ltr'>monio</span> <span class='ocrx_word' id='word_1_70' title='bbox 704 2164 1054 2228; x_wconf 84' lang='lat' dir='ltr'>instructus</span> <span class='ocrx_word' id='word_1_71' title='bbox 1112 2166 1410 2228; x_wconf 88' lang='lat' dir='ltr'>Bonnam</span> <span class='ocrx_word' id='word_1_72' title='bbox 1470 2188 1570 2228; x_wconf 89' lang='lat' dir='ltr'>me</span> <span class='ocrx_word' id='word_1_73' title='bbox 1630 2164 1893 2246; x_wconf 84' lang='lat' dir='ltr'>contuli,</span> <span class='ocrx_word' id='word_1_74' title='bbox 1963 2174 2033 2228; x_wconf 82' lang='lat' dir='ltr'>ut</span> <span class='ocrx_word' id='word_1_75' title='bbox 2081 2164 2313 2228; x_wconf 86' lang='lat' dir='ltr'>studiis</span> <span class='ocrx_word' id='word_1_76' title='bbox 2363 2164 2773 2248; x_wconf 83' lang='lat' dir='ltr'>philologieis</span> 
     </span>
     <span class='ocr_line' id='line_1_11' title="bbox 428 2280 2771 2366; baseline 0.003 -26"><span class='ocrx_word' id='word_1_77' title='bbox 428 2300 690 2362; x_wconf 83' lang='lat' dir='ltr'>operam</span> <span class='ocrx_word' id='word_1_78' title='bbox 758 2302 1090 2363; x_wconf 69' lang='lat' dir='ltr'>navarem,</span> <span class='ocrx_word' id='word_1_79' title='bbox 1164 2280 1384 2366; x_wconf 87' lang='lat' dir='ltr'>ibique</span> <span class='ocrx_word' id='word_1_80' title='bbox 1446 2304 1650 2364; x_wconf 88' lang='lat' dir='ltr'>usque</span> <span class='ocrx_word' id='word_1_81' title='bbox 1721 2280 1805 2344; x_wconf 88' lang='lat' dir='ltr'>ad</span> <span class='ocrx_word' id='word_1_82' title='bbox 1863 2280 2057 2342; x_wconf 86' lang='lat' dir='ltr'>finem</span> <span class='ocrx_word' id='word_1_83' title='bbox 2121 2280 2481 2344; x_wconf 85' lang='lat' dir='ltr'>studiorum</span> <span class='ocrx_word' id='word_1_84' title='bbox 2543 2282 2771 2346; x_wconf 87' lang='lat' dir='ltr'>mansi.</span> 
     </span>
     <span class='ocr_line' id='line_1_12' title="bbox 428 2392 2773 2479; baseline 0.002 -24"><span class='ocrx_word' id='word_1_85' title='bbox 428 2392 774 2457; x_wconf 77' lang='lat' dir='ltr'>Seminarii</span> <span class='ocrx_word' id='word_1_86' title='bbox 822 2394 1110 2457; x_wconf 85' lang='lat' dir='ltr'>historici</span> <span class='ocrx_word' id='word_1_87' title='bbox 1160 2418 1276 2479; x_wconf 91' lang='lat' dir='ltr'>per</span> <span class='ocrx_word' id='word_1_88' title='bbox 1336 2396 1462 2459; x_wconf 90' lang='lat' dir='ltr'>duo</span> <span class='ocrx_word' id='word_1_89' title='bbox 1512 2396 1895 2459; x_wconf 84' lang='lat' dir='ltr'>semenstria</span> <span class='ocrx_word' id='word_1_90' title='bbox 1957 2394 2195 2459; x_wconf 86' lang='lat' dir='ltr'>sodalis</span> <span class='ocrx_word' id='word_1_91' title='bbox 2261 2396 2377 2479; x_wconf 87' lang='lat' dir='ltr'>fui,</span> <span class='ocrx_word' id='word_1_92' title='bbox 2445 2396 2773 2461; x_wconf 88' lang='lat' dir='ltr'>seminarii</span> 
     </span>
     <span class='ocr_line' id='line_1_13' title="bbox 428 2509 2775 2597; baseline 0.002 -26"><span class='ocrx_word' id='word_1_93' title='bbox 428 2509 802 2593; x_wconf 81' lang='lat' dir='ltr'>philologici</span> <span class='ocrx_word' id='word_1_94' title='bbox 872 2533 990 2595; x_wconf 86' lang='lat' dir='ltr'>per</span> <span class='ocrx_word' id='word_1_95' title='bbox 1060 2511 1186 2575; x_wconf 86' lang='lat' dir='ltr'>tria</span> <span class='ocrx_word' id='word_1_96' title='bbox 1252 2511 1630 2575; x_wconf 86' lang='lat' dir='ltr'>semenstria</span> <span class='ocrx_word' id='word_1_97' title='bbox 1695 2509 1935 2575; x_wconf 88' lang='lat' dir='ltr'>sodalis</span> <span class='ocrx_word' id='word_1_98' title='bbox 2003 2511 2585 2595; x_wconf 83' lang='lat' dir='ltr'>extraordinarius,</span> <span class='ocrx_word' id='word_1_99' title='bbox 2659 2535 2775 2597; x_wconf 86' lang='lat' dir='ltr'>per</span> 
     </span>
     <span class='ocr_line' id='line_1_14' title="bbox 428 2625 2773 2711; baseline 0.001 -25"><span class='ocrx_word' id='word_1_100' title='bbox 428 2633 730 2705; x_wconf 84' lang='lat' dir='ltr'>quattuor</span> <span class='ocrx_word' id='word_1_101' title='bbox 796 2627 1180 2691; x_wconf 88' lang='lat' dir='ltr'>semenstria</span> <span class='ocrx_word' id='word_1_102' title='bbox 1250 2627 1620 2691; x_wconf 85' lang='lat' dir='ltr'>ordinarius</span> <span class='ocrx_word' id='word_1_103' title='bbox 1687 2625 1803 2711; x_wconf 85' lang='lat' dir='ltr'>fui,</span> <span class='ocrx_word' id='word_1_104' title='bbox 1875 2625 2097 2689; x_wconf 87' lang='lat' dir='ltr'>ultimo</span> <span class='ocrx_word' id='word_1_105' title='bbox 2171 2627 2405 2691; x_wconf 87' lang='lat' dir='ltr'>senior.</span> <span class='ocrx_word' id='word_1_106' title='bbox 2499 2627 2773 2690; x_wconf 82' lang='lat' dir='ltr'>Interfui</span> 
     </span>
     <span class='ocr_line' id='line_1_15' title="bbox 428 2739 2773 2827; baseline 0.001 -24"><span class='ocrx_word' id='word_1_107' title='bbox 428 2739 1002 2803; x_wconf 80' lang='lat' dir='ltr'>exercitationibus</span> <span class='ocrx_word' id='word_1_108' title='bbox 1038 2741 1464 2825; x_wconf 82' lang='lat' dir='ltr'>philologieis,</span> <span class='ocrx_word' id='word_1_109' title='bbox 1510 2741 1971 2827; x_wconf 84' lang='lat' dir='ltr'>epigraphicis‚</span> <span class='ocrx_word' id='word_1_110' title='bbox 2023 2741 2505 2825; x_wconf 87' lang='lat' dir='ltr'>philosophicis.</span> <span class='ocrx_word' id='word_1_111' title='bbox 2559 2741 2639 2805; x_wconf 93' lang='lat' dir='ltr'>D.</span> <span class='ocrx_word' id='word_1_112' title='bbox 2675 2743 2773 2805; x_wconf 94' lang='lat' dir='ltr'>IV</span> 
     </span>
     <span class='ocr_line' id='line_1_16' title="bbox 428 2853 2773 2939; baseline 0.002 -22"><span class='ocrx_word' id='word_1_113' title='bbox 428 2877 508 2917; x_wconf 90' lang='lat' dir='ltr'>m.</span> <span class='ocrx_word' id='word_1_114' title='bbox 546 2853 826 2935; x_wconf 85' lang='lat' dir='ltr'>Augusti</span> <span class='ocrx_word' id='word_1_115' title='bbox 862 2855 1014 2917; x_wconf 86' lang='lat' dir='ltr'>anni</span> <span class='ocrx_word' id='word_1_116' title='bbox 1048 2853 1272 2919; x_wconf 85' lang='lat' dir='ltr'>XCIV</span> <span class='ocrx_word' id='word_1_117' title='bbox 1308 2855 1574 2919; x_wconf 87' lang='lat' dir='ltr'>Bonnae</span> <span class='ocrx_word' id='word_1_118' title='bbox 1624 2857 1935 2919; x_wconf 82' lang='lat' dir='ltr'>examina</span> <span class='ocrx_word' id='word_1_119' title='bbox 1981 2855 2247 2939; x_wconf 87' lang='lat' dir='ltr'>publica</span> <span class='ocrx_word' id='word_1_120' title='bbox 2293 2877 2411 2939; x_wconf 88' lang='lat' dir='ltr'>pro</span> <span class='ocrx_word' id='word_1_121' title='bbox 2461 2855 2773 2921; x_wconf 85' lang='lat' dir='ltr'>facultate</span> 
     </span>
     <span class='ocr_line' id='line_1_17' title="bbox 428 2957 2773 3055; baseline 0.003 -24"><span class='ocrx_word' id='word_1_122' title='bbox 428 2969 726 3051; x_wconf 81' lang='lat' dir='ltr'>docendi,</span> <span class='ocrx_word' id='word_1_123' title='bbox 802 2963 906 3033; x_wconf 86' lang='lat' dir='ltr'>die</span> <span class='ocrx_word' id='word_1_124' title='bbox 952 2969 1258 3033; x_wconf 87' lang='lat' dir='ltr'>XXVIII</span> <span class='ocrx_word' id='word_1_125' title='bbox 1326 2993 1408 3035; x_wconf 88' lang='lat' dir='ltr'>m.</span> <span class='ocrx_word' id='word_1_126' title='bbox 1480 2957 1825 3035; x_wconf 83' lang='lat' dir='ltr'>Februarii</span> <span class='ocrx_word' id='word_1_127' title='bbox 1875 2969 2067 3043; x_wconf 87' lang='lat' dir='ltr'>XCV</span> <span class='ocrx_word' id='word_1_128' title='bbox 2113 2971 2421 3035; x_wconf 80' lang='lat' dir='ltr'>examina</span> <span class='ocrx_word' id='word_1_129' title='bbox 2477 2971 2773 3055; x_wconf 86' lang='lat' dir='ltr'>rigorosa</span> 
     </span>
     <span class='ocr_line' id='line_1_18' title="bbox 428 3069 2771 3173; baseline 0.003 -28"><span class='ocrx_word' id='word_1_130' title='bbox 428 3083 774 3167; x_wconf 86' lang='lat' dir='ltr'>Tubingae</span> <span class='ocrx_word' id='word_1_131' title='bbox 808 3083 976 3149; x_wconf 90' lang='lat' dir='ltr'>subii</span> <span class='ocrx_word' id='word_1_132' title='bbox 1026 3095 1086 3149; x_wconf 86' lang='lat' dir='ltr'>et</span> <span class='ocrx_word' id='word_1_133' title='bbox 1130 3087 1456 3171; x_wconf 85' lang='lat' dir='ltr'>superavi.</span> <span class='ocrx_word' id='word_1_134' title='bbox 1508 3087 1813 3151; x_wconf 87' lang='lat' dir='ltr'>Omnium</span> <span class='ocrx_word' id='word_1_135' title='bbox 1849 3109 1955 3151; x_wconf 80' lang='lat' dir='ltr'>vv.</span> <span class='ocrx_word' id='word_1_136' title='bbox 1993 3109 2113 3167; x_wconf 61' lang='lat' dir='ltr'>cc„</span> <span class='ocrx_word' id='word_1_137' title='bbox 2163 3095 2225 3149; x_wconf 88' lang='lat' dir='ltr'>et</span> <span class='ocrx_word' id='word_1_138' title='bbox 2257 3069 2367 3173; x_wconf 73' lang='lat' dir='ltr'>qui</span> <span class='ocrx_word' id='word_1_139' title='bbox 2401 3109 2501 3151; x_wconf 88' lang='lat' dir='ltr'>me</span> <span class='ocrx_word' id='word_1_140' title='bbox 2539 3087 2771 3151; x_wconf 82' lang='lat' dir='ltr'>docue-</span> 
     </span>
    </p>
   </div>
   <div class='ocr_carea' id='block_1_3' title="bbox 426 3201 2771 3377">
    <p class='ocr_par' dir='ltr' id='par_1_3' title="bbox 426 3201 2771 3377">
     <span class='ocr_line' id='line_1_19' title="bbox 426 3201 2771 3287; baseline 0.003 -26"><span class='ocrx_word' id='word_1_141' title='bbox 426 3207 574 3263; x_wconf 88' lang='lat' dir='ltr'>runt</span> <span class='ocrx_word' id='word_1_142' title='bbox 622 3209 686 3263; x_wconf 91' lang='lat' dir='ltr'>et</span> <span class='ocrx_word' id='word_1_143' title='bbox 734 3201 844 3277; x_wconf 77' lang='lat' dir='ltr'>qui</span> <span class='ocrx_word' id='word_1_144' title='bbox 894 3223 990 3263; x_wconf 57' lang='lat' dir='ltr'>nv*</span> <span class='ocrx_word' id='word_1_145' title='bbox 1042 3201 1604 3283; x_wconf 58' lang='lat' dir='ltr'>examiraverunt,</span> <span class='ocrx_word' id='word_1_146' title='bbox 1677 3203 2055 3267; x_wconf 86' lang='lat' dir='ltr'>memoriam</span> <span class='ocrx_word' id='word_1_147' title='bbox 2105 3203 2211 3287; x_wconf 90' lang='lat' dir='ltr'>pio</span> <span class='ocrx_word' id='word_1_148' title='bbox 2261 3223 2515 3287; x_wconf 87' lang='lat' dir='ltr'>semper</span> <span class='ocrx_word' id='word_1_149' title='bbox 2546 3203 2771 3269; x_wconf 68' lang='lat' dir='ltr'>,colam</span> 
     </span>
     <span class='ocr_line' id='line_1_20' title="bbox 426 3335 664 3377; baseline 0 0"><span class='ocrx_word' id='word_1_150' title='bbox 426 3335 664 3377; x_wconf 78' lang='lat' dir='ltr'>animo,</span> 
     </span>
    </p>
   </div>
  </div>
 </body>
</html>
