3327 5013
1667 380 1749 444 10

532 572 916 656 pronomina
964 580 1026 636 et
1072 572 1274 640 adVV.
1326 574 1799 658 interrogativa
1855 582 2083 658 postea
2151 574 2443 640 adhibita
2509 586 2677 660 sunt,
2751 602 2873 642 usu

532 687 902 752 immutatas
952 688 1182 752 eadem
1228 690 1294 754 vi
1342 690 1675 774 praeditas
1723 712 1863 754 esse
1913 690 2381 774 (exclamativa
2423 692 2611 774 scih).
2665 694 2867 776 Origo

532 826 660 866 non
710 802 938 866 eadem
988 814 1102 870 est.

748 920 1002 1000 Quibus
1036 922 1362 1004 explicitis
1396 921 1703 1006 colligere
1747 946 2085 1007 possumus
2135 946 2225 990 00.
2277 948 2387 1008 rr„
2437 948 2603 1010 quae
2655 926 2869 990 excla—

530 1036 844 1100 mationes
894 1036 1218 1120 dicuntur,
1278 1062 1362 1100 ex
1412 1040 1558 1100 eeffi
1606 1038 2023 1122 explicativis
2073 1040 2233 1104 hoce
2281 1039 2471 1102 modo
2521 1050 2661 1104 orta
2709 1064 2865 1106 esse.

534 1154 638 1216 Ad
688 1152 1198 1218 interiectionem
1246 1154 1398 1238 sive,
1442 1154 1989 1220 exclamationem
2055 1156 2297 1219 maiore
2367 1156 2561 1220 animi
2633 1158 2871 1221 affectu

532 1278 738 1332 ortam
786 1271 858 1358 (ὦ
892 1280 1092 1350 πόποι,
1126 1312 1214 1320 --·
1248 1264 1428 1362 ὦμοι.
1456 1312 1542 1320 -—
1576 1296 1891 1358 personae
1927 1296 2181 1356 nomen,
2233 1274 2403 1358 quod
2447 1296 2593 1338 011111
2627 1276 2867 1338 affectu

530 1386 744 1472 aliquo
778 1388 1264 1482 pronuntiatur)
1312 1412 1380 1450 se
1414 1388 1793 1474 applicabat
1825 1390 2247 1466 enuntiatum,
2293 1412 2419 1476 quo
2456 1390 2561 1454 ille
2599 1392 2867 1454 affectus

530 1502 992 1586 explicaretur.
1060 1504 1204 1568 Hoc
1252 1516 1468 1568 autem
1514 1506 1919 1584 enuntiatum
1967 1505 2435 1590 explieativum
2487 1508 2867 1590 pronomine

528 1616 666 1678 sive
716 1618 1034 1682 adverbio
1084 1618 1300 1704 aliquo
1350 1620 1500 1684 olim
1550 1620 2061 1684 demonstrativo
2111 1628 2339 1704 postea
2389 1620 2659 1684 relativo
2719 1644 2865 1684 cum

528 1732 972 1798 interiectione
1006 1734 1144 1798 sive
1178 1734 1656 1798 exclamatione
1691 1736 2101 1800 antecedenti
2137 1734 2598 1800 conectebatur
2639 1738 2701 1802 Φ
2737 1738 2859 1798 441

528 1852 756 1938 maor?
782 1903 796 1928 ,
826 1852 908 1926 ὡς
934 1854 1110 1920 ἄνοον
1136 1856 1390 1940 κραδίην
1424 1856 1564 1940 ἔχες
1586 1906 1600 1918 .
1652 1852 2057 1916 Exclamatio
2085 1880 2219 1942 νηπ.
2255 1852 2621 1937 explicatur
2649 1852 2865 1914 verbis

484 2034 488 2038 ,
529 1968 708 2032 ἄνοον
740 1992 796 2032 κ.
830 1968 876 2034 ἐ.
930 1966 1128 2031 Cuius
1178 1968 1444 2032 rationis
1494 1970 1755 2050 signum
1803 1978 1899 2030 est
1947 1968 2293 2050 ὡς.Τ1101-,
2345 1968 2443 2030 0111
2495 1990 2581 2032 so
2631 1990 2863 2032 unver⁴

528 2080 864 2162 stt-indiges
898 2082 1072 2144 Herz
1112 2082 1350 2146 hattest
1398 2082 1504 2148 du.
1558 2106 1620 2148 v.
1656 2106 1877 2168 supra.
1929 2088 2181 2150 Natura
2213 2084 2413 2166 igitur
2445 2106 2535 2148 ee.
2573 2106 2659 2148 rr.
2677 2096 2863 2164 wrm,

528 2216 696 2278 quae
744 2194 828 2258 ad
878 2196 1392 2260 interiectionem
1440 2198 1578 2260 sive
1625 2220 1851 2264 vocem
1903 2198 2171 2261 similem
2209 2222 2277 2260 se
2311 2198 2669 2282 applicant,
2719 2220 2863 2260 cum

526 2310 624 2392 iis,
686 2310 920 2396 quibus
970 2312 1190 2376 verbis
1238 2314 1601 2376 affectuum
1638 2336 1839 2378 causa
1889 2314 2287 2400 adiungitur,
2351 2320 2487 2376 arte
2537 2312 2861 2376 cohaeret.

528 2426 738 2491 Huius
788 2428 1054 2511 originis
1104 2438 1168 2493 01
1218 2453 1368 2495 usus
1418 2430 1815 2513 memoriam,
1889 2441 2197 2517 quantum
2251 2453 2335 2495 ex
2395 2430 2493 2517 iis,
2567 2453 2733 2515 quae
2783 2428 2863 2491 de

526 2543 794 2609 Homeri
842 2547 1158 2629 exemplis
1208 2547 1576 2629 observavi,
1644 2545 1931 2627 intellegi
1981 2557 2209 2631 potest,
2283 2545 2459 2629 apud
2509 2547 2863 2608 Homerum

526 2661 740 2745 aliquo
776 2662 964 2725 modo
1000 2671 1326 2727 servatam
1360 2685 1500 2725 esse
1532 2687 1741 2747 neque
1775 2663 2319 2727 exclamationem
2351 2673 2425 2727 ut
2465 2661 2857 2745 singularem

526 2777 832 2861 loquendi
878 2779 1152 2843 formam
1200 2779 1328 2841 iam
1376 2779 1847 2843 inveteravisse
1894 2789 2069 2863 pute.
2149 2779 2331 2843 Haec
2379 2779 2535 2843 satis
2583 2789 2731 2843 sunt
2780 2779 2861 2841 de

524 2893 828 2959 Homero.

740 3011 952 3075 Etiam
990 3011 1162 3097 apud
1192 3011 1590 3101 Aeschylum
1626 3003 1881 3097 semper
1915 3011 2149 3077 locutio
2185 3011 2403 3097 ali-qua
2437 3035 2489 3077 e.
2527 3033 2577 3077 r.
2593 3025 2651 3053 ⁹⁰
2687 3021 2859 3075 ante-

526 3125 716 3189 cedit.
802 3125 1088 3189 Primum
1140 3113 1458 3191 afferendi
1508 3137 1656 3191 sunt
1703 3127 1847 3209 1001,
1899 3129 2135 3213 quibus
2185 3127 2609 3189 interiectioni
2663 3149 2858 3209 appo-

524 3241 712 3303 situm
764 3251 856 3305 est
906 3265 1134 3305 nomen
1186 3245 1602 3327 adieetivum,
1654 3267 1779 3327 quo
1831 3245 2099 3305 affectus
2149 3241 2639 3305 exclamationis
2687 3241 2861 3305 clare

524 3369 954 3439 cognoscatur
1014 3363 1136 3437 οἷος
1196 3361 1372 3425 Pers,
1438 3363 1562 3425 735
1630 3363 1677 3427 ὢ
1727 3367 1967 3447 μέλεος,
2025 3347 2165 3427 ὁοῖἀν
2215 3361 2471 3449 ἇρ“ἥβην
2519 3369 2861 3447 συμμάχων

524 3479 832 3543 ἀπώλεσεν
868 3529 880 3541 .
918 3477 988 3547 Ε,
1040 3489 1156 3541 r.V0
1206 3477 1550 3559 exponitur
1610 3475 1969 3559 calamitae,
2043 3497 2211 3561 quae
2269 3475 2487 3575 verbis
2545 3479 2591 3543 ὢ
2643 3481 2859 3565 μέλεος

524 3599 746 3655 notata
794 3601 906 3655 est.
958 3595 1060 3669 ὡς.
1114 3593 1288 3655 Pers.
1326 3593 1444 3657 911
1488 3591 1598 3659 Ch.
1640 3593 1783 3657 539.
1837 3591 1997 3655 Aliis
2033 3591 2189 3655 locis
2225 3615 2277 3657 e.
2313 3603 2429 3657 r.V0
2469 3593 2858 3655 exclamatio

526 3707 872 3789 antecedit,
922 3731 1050 3793 qua
1098 3729 1329 3769 nomen
1380 3707 1660 3771 auctoris
1711 3707 2099 3771 calamitatis
2149 3707 2531 3773 continetur.
2599 3707 2857 3771 Nemini

524 3825 806 3885 auctoris
856 3831 1070 3885 autem
1120 3823 1498 3887 attributum
1550 3833 1644 3887 est
1694 3823 2087 3887 adiectivum
2139 3823 2219 3887 ad
2270 3847 2407 3887 rem
2467 3833 2707 3907 aptum.
2777 3825 2859 3899 ὡς

524 3937 700 4001 Pers,
758 3941 880 4003 745
930 3941 978 4005 ὦ
1020 3947 1228 4023 στυγνὲ
1270 3943 1500 4027 δαῖμον,
1532 3941 1614 4017 ὡς
1650 3939 1749 4027 ἄρ’
1787 3945 2045 4029 ἔψευσας
2081 3957 2307 4031 φρενῶν
2351 3941 2359 4025 Ι
2401 3943 2645 4025 Πέρσας
2681 3939 2837 4003 Pers

522 4055 652 4117 518
716 4053 832 4119 Ch.
885 4055 1012 4119 688
1070 4055 1248 4119 PerS.
1300 4057 1420 4119 521
1478 4059 1524 4123 ὦ
1584 4065 1793 4133 νυκτὸς
1855 4061 1987 4143 ὄψις
2049 4059 2323 4145 ἐμφανὴς
2381 4057 2677 4133 ἐνυπνίων,
2726 4057 2733 4144 Ι
2775 4059 2859 4133 ὡς

522 4181 720 4257 κάρτα
754 4197 852 4259 μοι
888 4187 1100 4261 σαφῶς
1134 4175 1452 4261 ἐδήλωσας
1484 4181 1669 4241 κακά.
1721 4173 1797 4237 Ε.
1831 4185 1947 4237 1.νο
1995 4171 2413 4255 explicantur
2445 4171 2649 4233 verba
2683 4183 2857 4235 ante-

524 4287 840 4351 cedentia.
893 4289 1266 4371 Sequantur
1314 4287 1458 4367 loci,
1508 4289 1745 4373 quibus
1795 4287 2153 4349 interiectio
2205 4285 2487 4349 dolorem
2523 4287 2661 4349 sive
2697 4287 2857 4349 indi-

522 4405 894 4485 gnationem
942 4405 1318 4489 significans
1366 4405 1697 4469 antecedit
1729 4405 1831 4481 ὡς.
1881 4405 2059 4467 Pers.
2095 4403 2221 4467 287
2259 4415 2389 4493 φεῦ,
2423 4417 2537 4471 τῶν
2569 4403 2857 4495 Ἀθηνῶν
