3327 5013
1614 396 1689 458 11

484 592 566 666 ὡς
602 600 786 658 στένω
822 600 1222 680 μεμνημένος.
1276 590 1392 656 Ch.
1430 592 1576 655 287.
1630 590 1931 674 Denique
1969 588 2345 652 nominandi
2393 598 2545 652 sunt
2586 588 2631 650 ii
2677 588 2821 672 loci,

486 704 720 790 quibus
770 728 948 768 mera
998 706 1320 768 invocatio
1372 704 1717 770 antecedit.
1769 706 1913 780 οἷος.
1965 706 2143 786 Sept.
2181 706 2307 768 242
2351 706 2399 770 ὦ
2435 706 2566 780 Ζεῦ,
2615 730 2821 788 γυναι-

482 836 604 886 κῶν
639 820 758 886 οἷον
792 822 1044 896 ὤπασας
1078 828 1264 904 γένος.
1308 820 1468 882 Toto
1504 818 1642 882 loco
1681 818 2047 902 indignatio
2085 828 2387 902 apparet3
2423 840 2569 882 eum
2605 816 2823 882 dolore

484 944 700 998 autem
748 934 1072 998 invocatio
1122 934 1578 1018 pronuntiatur
1626 936 1709 1010 ὣς
1761 934 1937 998 Pers,
1987 936 2135 998 252.
2189 934 2336 998 847.

698 1048 1010 1126 Videmus
1060 1050 1256 1132 igitur
1312 1050 1508 1114 etiam
1570 1050 1747 1134 apud
1799 1050 2199 1138 Aeschylum
2247 1074 2303 1114 e.
2351 1072 2403 1114 r.
2453 1072 2707 1134 semper
2757 1070 2825 1114 se

486 1164 818 1250 applicare
866 1166 950 1230 ad
1000 1166 1388 1230 locutionem
1436 1166 1737 1252 aliquam.
1829 1166 1933 1230 Ex
1981 1166 2079 1228 his
2129 1166 2435 1248 colligere
2485 1188 2825 1250 possumus

486 1282 946 1344 conscientiam
996 1280 1470 1366 explicationiS,
1520 1282 1705 1344 cuius
1755 1282 2033 1364 vestigia
2083 1280 2259 1364 apud
2295 1280 2651 1344 Homerum
2697 1290 2821 1344 sta-

484 1396 680 1458 tuisse
732 1394 882 1458 mihi
936 1396 1184 1476 videor,
1236 1420 1314 1458 ne
1364 1398 1540 1482 apud
1576 1396 1979 1484 Aeschylum
2027 1396 2289 1482 quidem
2339 1396 2531 1480 plane
2581 1418 2827 1460 evanu-

487 1512 632 1576 isse.
684 1514 764 1576 cf.
822 1514 1014 1576 etiam
1064 1502 1242 1578 Pers.
1290 1516 1422 1578 520
1476 1516 1648 1598 offic„
1691 1520 1949 1582 τάλαινα
1991 1518 2511 1602 διαπεπραγμένου
2551 1526 2827 1600 στρατοὺ.

490 1627 848 1692 Genetivus
898 1628 1230 1694 absolutus
1282 1630 1368 1694 ad
1418 1630 1921 1714 explicationem
1961 1630 2289 1694 adhibitus
2339 1640 2435 1694 est
2483 1630 2587 1694 vel
2635 1652 2831 1712 gene-

488 1744 658 1808 tivus
706 1766 882 1808 nexu
932 1744 1178 1810 causali
1226 1736 1468 1832 pendet
1502 1770 1540 1810 a
1572 1746 1793 1810 verbis
1833 1748 1891 1814 oi*
1921 1748 2023 1830 ’γὼ
2059 1752 2317 1814 τάλαινα
2353 1746 2579 1810 eodem
2615 1746 2827 1828 mode,

488 1882 614 1944 quo
650 1860 854 1924 verba
888 1862 1236 1926 affectuum
1272 1884 1414 1926 cum
1450 1862 1755 1944 genetivo
1791 1862 2273 1944 coniunguntur
2307 1862 2389 1926 cf.
2419 1862 2729 1926 Kuehner
2761 1862 2831 1924 II

492 1998 552 2060 p.
590 1978 718 2040 324
752 1998 968 2060 praee.
1014 1980 1142 2042 325
1178 2002 1232 2044 c.
1284 1978 1540 2058 Quibus
1590 1980 1937 2062 disputatis
1987 1980 2305 2042 contendo
2357 1978 2583 2042 horum
2631 2000 2831 2042 enun-

490 2092 814 2174 tiatorum,
864 2114 1034 2176 quae
1070 2094 1580 2156 exclamationes
1614 2094 1839 2158 vocari
1875 2092 2101 2176 solent,
2153 2094 2421 2178 originis
2455 2092 2829 2156 memoriam

490 2216 554 2270 et
602 2208 732 2272 vim
784 2208 1240 2294 explicationis
1288 2210 1482 2274 etiam
1530 2210 1705 2294 apud
1751 2210 2151 2298 Aeschylum
2201 2210 2415 2296 aliquo
2463 2210 2655 2274 modo
2703 2230 2833 2272 ser-

496 2334 711 2389 vatam
762 2348 920 2391 esse.
974 2326 1084 2391 Ee.
1122 2348 1208 2391 rr.
1244 2326 1747 2411 explicationem
1797 2326 2137 2391 locutionis
2187 2326 2633 2391 antecedentis
2683 2348 2831 2389 con-

492 2441 696 2505 tinent
746 2465 954 2527 neque
986 2441 1252 2505 multum
1288 2441 1594 2505 differunt
1628 2443 1713 2505 ab
1751 2465 1821 2505 ec
1881 2445 2059 2527 rrst'iss,
2111 2443 2347 2527 quibus
2383 2441 2601 2507 verbis
2641 2443 2833 2505 affec-

492 2565 668 2621 tuum
718 2557 1068 2641 explicatio
1120 2557 1402 2623 additur.
1496 2557 1574 2623 E.
1622 2581 1673 2622 r.
1737 2557 1979 2641 pendet
2035 2559 2219 2643 quasi
2269 2581 2309 2621 a
2357 2557 2593 2637 verbiS,
2665 2579 2833 2641 quae

494 2673 886 2737 antecedunt
934 2697 988 2739 e.
1024 2697 1088 2755 g.
1140 2675 1314 2737 Pers.
1352 2675 1478 2739 847
1512 2677 1560 2741 ὦ
1596 2679 1809 2763 δαῖμον
1843 2677 1927 2751 ὣς
1961 2701 2035 2763 με
2069 2677 2243 2743 πόλλ3
2277 2675 2595 2761 ἐσέρχεται
2629 2679 2795 2741 κακὰ
2823 2673 2827 2757 Ι

492 2791 672 2877 ἄλγη.
772 2787 868 2873 „O
920 2789 1096 2871 Gott,
1148 2789 1266 2851 wie
1314 2789 1484 2853 mich
1536 2789 1705 2859 viele
1757 2789 2001 2853 Leiden
2051 2791 2319 2853 t1·effen“
2387 2779 2501 2873 (so‘
2535 2789 2677 2851 rufe
2727 2787 2827 2849 ich

494 2903 606 2965 mit
656 2903 980 2987 Schmerz,
1038 2903 1122 2967 da
1172 2903 1338 2967 mich
1388 2927 1458 2967 so
1512 2957 1524 2969 .
1578 2955 1592 2969 .
1646 2909 1711 2985 .).

710 3019 982 3082 Restant
1032 3019 1158 3081 duo
1210 3019 1530 3103 exempla,
1582 3043 1749 3105 quae
1798 3021 2071 3083 fortasse
2105 3041 2475 3103 repugnare
2509 3017 2831 3083 videntur.

496 3133 670 3198 Pers.
713 3135 898 3197 1008.
952 3133 1146 3199 Chori
1184 3157 1390 3217 seneS‚
1440 3157 1606 3219 quae
1642 3135 1903 3197 Xerxes
1937 3157 2081 3197 cum
2117 3133 2411 3197 exercitu
2445 3155 2675 3217 passus
2711 3143 2829 3215 est,

496 3272 730 3329 magno
804 3273 950 3313 cum
1022 3251 1200 3315 luctu
1264 3249 1721 3341 lamentantur.
1787 3255 1921 3317 XO.
1983 3253 2053 3317 ἰὼ
2101 3253 2193 3329 ἰὼ,
2263 3255 2563 3339 δαίμονες,
2609 3251 2615 3335 Ι
2669 3251 2831 3349 ἔθορ’

495 3369 752 3433 ἄελπτον
800 3375 990 3433 κακὸν
1034 3371 1042 3449 1
1086 3371 1430 3453 διαπρέπον,
1480 3371 1602 3435 οἷον
1648 3373 1927 3455 δέδορκεν
1979 3371 2097 3433 ἄτα
2139 3375 2147 3447 Ι
2191 3421 2203 3433 .
2269 3369 2389 3433 ΞΕ.
2451 3369 2835 3455 πεπλήγμεθ’

494 3485 616 3549 οἵα(
664 3483 738 3547 δέ’
786 3483 1002 3559 αἰῶνος
1050 3489 1250 3571 τὺχαι.
1346 3483 1570 3547 Verba
1626 3485 1849 3567 priora
1909 3485 2087 3547 varie
2148 3493 2391 3547 mutata
2439 3493 2607 3547 sunt.
2703 3481 2833 3545 Sed

496 3599 758 3679 longum
795 3607 892 3661 est
927 3597 1006 3661 de
1044 3599 1116 3659 iis
1154 3599 1390 3663 dicere.
1444 3601 1636 3663 Certe
1671 3597 1932 3663 inest'in
1970 3601 2045 3663 iis
2091 3601 2197 3663 hic
2245 3621 2497 3663 sensus:
2557 3619 2837 3683 „magna

496 3712 834 3777 calamitas
870 3715 1232 3797 apparuit.“
1320 3713 1574 3777 Deinde
1610 3715 2079 3793 verisimillima
2113 3715 2487 3777 coniectura
2521 3713 2699 3777 Pale-i
2735 3721 2831 3775 est

496 3831 864 3917 οἵα-τὺχα,
923 3851 1114 3913 quam
1152 3829 1404 3913 accepit
1438 3829 1851 3911 Wecklinus3
1901 3829 2079 3893 nulla
2113 3829 2359 3893 scilicet
2399 3831 2667 3893 mutatio
2718 3837 2833 3891 est.

498 3945 778 4009 Chorus:
854 3945 1100 4025 Magna
1150 3945 1486 4009 calamitas
1536 3955 1677 4009 orta
1725 3955 1839 4011 est.
1891 3945 2149 4009 Deinde
2197 3947 2477 4027 Xerxes,
2539 3955 2607 4007 ut
2657 3943 2834 4007 chori

498 4061 880 4123 sententiam
930 4061 1286 4141 confirmet,
1336 4061 1520 4125 dicit:
1580 4061 1799 4145 (Certe
1850 4083 2090 4145 magna
2137 4061 2473 4123 calamitas
2523 4069 2665 4123 orta
2715 4061 2833 4143 est]

500 4175 672 4258 quali
708 4175 746 4239 i.
784 4199 838 4241 e.
876 4199 1023 4239 nam
1068 4175 1200 4259 tali,
1250 4185 1380 4239 tam
1432 4175 1675 4239 acerba
1723 4177 1981 4239 fortuna
2029 4175 2253 4239 afflicti
2303 4197 2540 4239 sumus.
2593 4175 2835 4237 Xerxis

500 4291 1022 4353 lamentationem
1090 4299 1224 4355 tum
1292 4291 1524 4355 chorus
1580 4291 1875 4377 suscipit:
1958 4293 2357 4381 πεπλήγμεθ’,
2427 4291 2655 4379 εὔδηλα
2701 4297 2835 4375 γάρ.

500 4407 744 4471 Eodem
796 4409 986 4471 modo
1040 4409 1244 4473 verba
1291 4409 1568 4473 formata
1616 4419 1785 4491 sunt,
1837 4409 1900 4471 ni
1949 4407 2161 4493 fallor,
2221 4419 2411 4473 antea
2468 4411 2649 4473 1002.
2749 4405 2835 4467 Hi
