3327 5013
1552 378 1588 442 7

616 572 1114 638 Schmalfeldius
1148 572 1360 660 (Synt.
1392 572 1450 636 d.
1482 572 1729 656 griech.
1759 572 1973 647 ,Verbs
2009 596 2069 657 p.
2099 576 2227 638 256
2255 576 2335 638 A.
2367 576 2435 656 3)
2469 572 2741 638 adnotat

398 688 462 750 in
514 688 1098 752 exclamationibus
1146 688 1532 770 pronomina
1580 696 1642 752 et
1691 688 2011 754 adverbia
2071 688 2345 752 relativa
2403 690 2739 774 usurpari3

402 804 562 866 haec
596 802 898 886 exempla
932 826 1012 864 ex
1046 802 1314 866 Homeri
1364 802 1761 866 carminibus
1811 804 2005 868 sumit
2053 814 2313 888 praeter
2345 806 2409 870 Φ
2443 806 2565 868 441
2609 804 2735 870 Od.

398 946 433 984 σ
468 920 552 980 35
588 920 718 1008 οἵην
748 924 1060 1006 τερπωλὴν
1094 924 1242 994 θεὸς
1276 920 1498 1008 ἤγαγεν
1530 920 1594 994 ἐς
1626 922 1759 986 τόδε
1795 924 2009 1008 δῶμα.
2037 920 2469 1004 Nequaquam
2519 918 2738 982 excla-

400 1034 594 1096 matio
644 1042 758 1098 est.
834 1034 1180 1096 Antecedit
1228 1034 1396 1096 enim
1450 1032 1526 1098 Ὦ
1564 1040 1749 1124 φίλοι,
1801 1034 1869 1102 οὗ
1903 1043 2009 1122 μὲν
2041 1042 2133 1102 πὼ
2167 1062 2220 1102 τι
2251 1044 2443 1122 πάρος
2477 1048 2741 1102 τοιοῦτον

400 1152 636 1238 ὲτὺχθη
660 1202 672 1214 .
696 1148 1072 1234 Respondet
1102 1150 1304 1234 igitur
1330 1152 1462 1238 οἵην
1500 1150 1642 1212 voci
1675 1162 1955 1218 τοιοῦτον.
1993 1150 2177 1214 Tunc
2205 1152 2395 1216 affert
2423 1150 2547 1216 Od.
2573 1178 2631 1216 α.
2657 1152 2741 1214 32

402 1266 448 1332 ὢ
484 1276 680 1344 πόποι,
730 1266 852 1332 οἷον
902 1270 974 1354 δη·
1026 1292 1092 1332 vo
1138 1268 1326 1340 θεοὺς
1374 1272 1574 1352 βροτοὶ
1626 1266 2013 1334 αἰτιόωνται.
2049 1266 2399 1330 Antecedit
2447 1268 2493 1332 ὣ
2542 1276 2739 1334 πόποι.

400 1380 648 1444 Eadem
728 1380 1032 1464 exempla
1110 1380 1420 1444 Kuehner
1500 1382 1690 1444 affert
1765 1380 1911 1462 (Gr.
1965 1382 2079 1446 Gr.
2143 1382 2229 1446 II.
2289 1406 2352 1466 p.
2411 1384 2739 1466 9432sq.)

404 1498 724 1580 persaepe
788 1496 962 1580 apud
1012 1496 1368 1560 Homerum
1430 1504 1578 1560 ante
1640 1520 1695 1562 e.
1755 1520 1805 1562 r.
1871 1498 2109 1562 locutio
2159 1500 2207 1564 ὣ
2255 1508 2435 1566 πόποι
2483 1496 2739 1581 legitur.

400 1616 524 1688 οἷος
572 1612 698 1678 cd.
746 1640 800 1699 ρ.
847 1612 974 1676 248
1024 1612 1094 1678 11.
1146 1614 1224 1678 Η.
1276 1614 1404 1676 454
1452 1614 1534 1678 cf.
1584 1592 1709 1680 od.
1759 1642 1807 1684 ν.
1865 1616 1989 1680 140
2031 1616 2113 1690 ὡς
2165 1614 2291 1680 od.
2341 1642 2397 1682 κ.
2449 1616 2531 1678 36
2565 1642 2619 1680 G.
2653 1614 2739 1678 25

402 1754 450 1794 0.
492 1728 608 1790 381
660 1754 718 1794 π.
766 1728 912 1792 364.
966 1727 1336 1792 Interiectio
1388 1728 1626 1792 doloris
1679 1728 1781 1792 vel
1829 1728 2299 1812 indignationis
2347 1732 2535 1818 (οἴμοι
2569 1752 2619 1794 S.
2655 1730 2737 1820 si-

400 1842 594 1926 milis)
644 1843 974 1908 antecedit
1024 1846 1148 1922 οἷος
1198 1844 1272 1908 Il.
1324 1848 1392 1912 Θ.
1448 1846 1590 1908 152.
1640 1848 1717 1910 Π.
1767 1846 1873 1910 48.
1935 1844 2256 1908 Secuntur
2303 1844 2449 1930 loci,
2501 1846 2739 1930 quibus

400 1982 678 2042 persona
726 1958 942 2044 aliqua
992 1958 1194 2022 solum
1246 1960 1585 2024 invocatur
1628 1962 1711 2038 ὡς
1747 1960 1823 2026 Il.
1861 1964 1923 2026 Φ
1959 1962 2087 2026 272
2123 1962 2233 2026 Ζεῦ
2269 1972 2475 2048 πάτερ,
2527 1962 2609 2038 ὥς
2639 2014 2651 2026 .
2679 2014 2693 2026 .
2727 2014 2739 2026 .

398 2076 524 2150 οἷος
558 2076 634 2140 Π.
672 2078 722 2140 Ε
756 2078 886 2138 600
920 2078 974 2140 Χ
1014 2076 1160 2140 177.
1208 2076 1298 2137 Hi
1344 2084 1494 2138 sunt
1540 2076 1689 2158 loci,
1739 2076 1849 2160 qui
1899 2076 2407 2140 exclamationes
2456 2076 2521 2140 in
2571 2076 2738 2140 Ebe—

398 2188 582 2272 lingii
632 2190 842 2254 lexico
892 2192 1208 2256 feruntur.
1306 2192 1574 2256 Restant
1622 2202 1931 2278 quattuor
1987 2192 2131 2272 loci,
2195 2192 2431 2278 quibus
2495 2194 2739 2278 passim

404 2327 528 2369 non
578 2306 716 2369 sine
768 2306 1168 2369 dubitatione
1218 2308 1314 2369 vis
1366 2308 1810 2375 exclamativa
1867 2308 2263 2375 attribuitur.
2359 2308 2437 2375 Il.
2489 2310 2537 2375 P
2585 2310 2737 2375 472.

398 2421 766 2509 Αὐτόμεδον,
814 2429 902 2497 τίς
946 2431 1034 2489 τοί
1082 2449 1147 2489 νυ
1196 2429 1358 2491 θεῶν
1408 2429 1703 2515 νηκερδέα
1751 2431 1975 2515 βουλὴν
2017 2427 2027 2511 Ι
2069 2427 2129 2493 ἐν
2173 2433 2499 2515 στήθεσσιν
2543 2429 2739 2515 ἔθηκε

398 2547 502 2605 καὶ
558 2539 792 2613 ἐξέλετο
852 2547 1074 2629 φρένας
1132 2541 1396 2619 ἐσθλὰςς
1442 2541 1450 2627 Ι
1492 2543 1614 2609 οἷον
1660 2549 1813 2627 πρὸς
1861 2541 2081 2629 Τρῷας
2131 2549 2361 2631 μάχεαι
2415 2551 2631 2629 πρώτῳ
2681 2545 2741 2609 ἐν

398 2657 626 2741 ὁμίλῳε
676 2655 914 2717 Verbis
948 2657 1068 2723 οἷον
1102 2683 1160 2723 π.
1196 2656 1264 2721 Τ.
1300 2683 1358 2743 μ.
1396 2679 1528 2741 eqs.
1564 2679 1767 2721 causa
1801 2657 2091 2741 affertur,
2129 2679 2243 2721 cur
2277 2655 2437 2721 illud
2473 2659 2741 2721 interro-

398 2779 590 2851 getur
636 2777 723 2845 τίς
770 2797 860 2837 τοι
902 2823 916 2835 .
962 2825 976 2839 .
1024 2823 1036 2836 .
1126 2771 1434 2835 Similiter
1484 2773 1863 2857 explicandi
1911 2782 2061 2837 sunt
2107 2773 2183 2839 Il.
2235 2775 2283 2837 P
2333 2773 2461 2837 586
2513 2775 2561 2839 Δ
2616 2775 2739 2837 153

400 2883 526 2951 Od.
580 2911 620 2951 α
668 2885 816 2949 408.

616 3001 780 3065 Cum
828 3003 1152 3066 intuemur
1200 3005 1524 3087 exempla,
1592 3027 1761 3089 quae
1819 3005 2031 3087 attuli,
2093 3003 2389 3069 videmus
2437 3027 2635 3089 saepe
2683 3027 2737 3071 e.

404 3131 526 3183 r.'·'⁰
574 3119 1082 3183 interiectionem
1134 3123 1180 3187 ὢ
1228 3131 1408 3189 πόποι
1460 3119 1560 3183 vel
1610 3123 1765 3209 ὦμοι
1825 3121 2231 3185 antecedere.
2327 3121 2737 3205 Ubicumque

400 3245 616 3299 autem
688 3235 1078 3301 exclamatio
1162 3235 1260 3299 vel
1342 3237 1703 3301 interiectio
1781 3235 2039 3321 legitur,
2119 3261 2153 3299 e
2225 3237 2467 3301 maiore
2539 3237 2737 3301 animi

400 3351 634 3413 affectu
684 3361 838 3413 nata
884 3361 998 3415 est.
1050 3353 1264 3435 Atque
1314 3353 1376 3415 in
1427 3352 1749 3417 locutione
1785 3355 1833 3419 ὢ
1865 3363 2045 3421 πόποι
2079 3353 2343 3437 quidem
2377 3353 2429 3415 is
2465 3336 2739 3415 affectus

398 3463 582 3545 inest,
634 3465 742 3549 qui
794 3465 1012 3529 verbis
1060 3467 1592 3531 antecedentibus
1644 3477 1921 3533 notatur.
1993 3467 2177 3531 Idem
2229 3467 2405 3533 cadit
2451 3469 2517 3529 in
2565 3471 2737 3557 ὦμοι.

402 3579 562 3641 Aliis
612 3581 768 3643 locis
818 3579 1020 3643 solam
1066 3581 1875 3673 invocationemblegimus,
1925 3583 2133 3669 qualis
2169 3593 2263 3647 est
2295 3587 2341 3651 ὦ
2377 3589 2541 3673 φίλοι
2575 3585 2737 3647 eius-

398 3717 522 3779 que
572 3695 816 3761 similis.
868 3695 994 3759 Sed
1050 3695 1192 3779 lege
1238 3695 1560 3781 exempla,
1611 3697 1905 3763 invenies
1955 3697 2145 3761 facile
2193 3697 2479 3781 perspici
2527 3721 2735 3783 posse,

400 3833 526 3895 quo
576 3811 814 3875 affectu
862 3811 1022 3875 haec
1072 3811 1396 3875 invocatio
1446 3813 1919 3897 pronuntietur.
1999 3813 2073 3877 E.
2125 3837 2189 3897 g.
2241 3813 2315 3879 Il.
2365 3815 2427 3879 Φ
2477 3815 2605 3877 272
2653 3811 2738 3877 lc-

398 3927 574 4007 gitur
622 3929 734 3993 Ζεῦ
784 3937 990 4015 πάτερ,
1042 3927 1370 3991 antecedit
1418 3933 1662 4017 ᾤμωξεν
1715 3983 1727 3995 .
1779 3929 1923 4009 Quo
1985 3929 2183 3991 verbo
2243 3939 2307 3991 et
2367 3929 2563 3991 totius
2613 3928 2735 4013 loci

398 4065 588 4105 sensu
656 4045 928 4107 affectus
996 4041 1234 4107 doloris
1302 4055 1594 4129 apparet.
1693 4043 1765 4107 Il.
1819 4047 2043 4109 1⁴:596
2101 4045 2404 4107 affectum
2465 4043 2735 4127 timoris,‚

400 4161 452 4223 X
528 4159 648 4223 ΠΕ)
722 4159 1190 4243 indignationis
1260 4159 1474 4223 statim
1550 4161 2021 4241 cognoscimus
2119 4159 2469 4223 Antecedit
2539 4159 2737 4243 igitur

400 4275 572 4357 apud
628 4275 976 4338 Homerum
1030 4299 1084 4339 c.
1136 4287 1258 4339 r.v⁰
1310 4275 1546 4339 locutio
1598 4275 1837 4361 aliqua,
1887 4275 1949 4337 in
2001 4297 2133 4359 qua
2179 4275 2345 4337 inest
2385 4275 2577 4339 totius
2611 4275 2735 4337 loci

398 4389 688 4455 affectus.
752 4389 950 4455 Cuius
1000 4393 1272 4455 affectus
1322 4391 1402 4455 de
1452 4413 1650 4455 causa
1701 4415 1755 4457 e.
1805 4403 1931 4457 Γ.νο
1983 4391 2122 4475 ipso
2173 4391 2477 4455 certiores
2527 4393 2733 4455 fimuS.
