3327 5013
1705 412 1823 478 22'

576 610 946 694 exemplum
996 632 1122 672 non
1170 618 1404 674 exstat.
1456 608 1582 672 Sed
1620 632 1741 672 usu
1775 616 2087 692 perpetuo
2125 607 2353 670 harum
2389 608 2921 672 coniunctionum

574 726 702 788 iam
754 726 1026 808 pristina
1074 734 1288 788 aetate
1338 724 1436 788 vis
1494 724 1897 808 sumptionis,
1973 724 2445 808 postulationis,
2519 724 2919 788 condicionis

578 840 848 904 vocibus
896 841 1054 926 ipsis
1102 841 1312 904 indita
1361 850 1474 924 est,
1518 850 1594 902 ut
1628 840 1857 904 eadem
1895 840 1989 902 vis
2023 840 2197 914 modi
2233 850 2673 902 evanesceret.
2729 840 2919 904 Prae-

574 966 756 1020 terea
826 956 1280 1020 coniunctivus
1348 956 1558 1018 nudus
1624 948 1829 1018 mera
1869 954 2217 1018 voluntatis
2279 954 2343 1016 vi
2393 964 2541 1018 ante
2591 957 2807 1042 omnia
2855 956 2919 1018 in

576 1080 926 1158 enuntiatis
992 1081 1318 1164 primariis
1386 1081 1723 1164 praeditus
1795 1090 1913 1162 est,
1989 1080 2053 1142 in
2117 1080 2451 1142 sententiis
2517 1080 2923 1142 secundariis

582 1198 675 1260 vis
728 1196 1080 1260 voluntatis
1128 1196 1396 1260 recedit.
1494 1196 1715 1276 Quare
1763 1196 1829 1258 si·
1867 1196 2127 1280 quidem
2181 1218 2325 1260 cum
2385 1194 2509 1260 hac
2568 1196 2923 1258 mutatione

578 1312 752 1376 modi
802 1312 1204 1376 coniunctivi
1252 1310 1576 1394 particula
1624 1314 1697 1378 ἄν
1747 1310 2069 1392 cohaeret,
2121 1320 2365 1374 certum
2411 1322 2509 1374 est
2545 1334 2685 1374 eam
2721 1334 2799 1372 ne
2835 1310 2921 1374 ab

578 1428 686 1490 illo
736 1428 998 1512 quidem
1048 1450 1376 1512 proceSSU‚
1452 1450 1578 1510 quo
1630 1426 1969 1490 enuntiata
2025 1426 2339 1510 primaria
2403 1426 2465 1488 in
2535 1426 2923 1490 secundaria

578 1544 866 1628 abibant,
930 1542 1306 1606 seIunctam
1336 1564 1494 1606 esse.
1592 1542 1947 1605 Enuntiata
1995 1552 2229 1622 autem,
2295 1564 2463 1626 quae
2511 1566 2549 1606 a
2596 1522 2919 1626 pronomi-

579 1658 770 1722 nibus
842 1658 1182 1742 incipiunt,
1256 1670 1558 1720 naturam
1628 1680 1719 1722 θθ.
1791 1658 2245 1740 primariorum
2315 1658 2553 1720 diutius
2627 1678 2923 1718 servasse

580 1774 736 1837 mihi
786 1772 1112 1856 videntur,
1164 1796 1358 1858 quam
1406 1796 1522 1854 ee„
1572 1796 1739 1858 quae
1789 1772 1871 1836 ab
1919 1772 2251 1836 adverbiis
2287 1772 2625 1857 incipiunt.
2675 1770 2927 1842 Eadem

582 1890 834 1952 ratione
870 1890 1046 1952 ducti
1080 1890 1132 1952 si
1168 1912 1244 1952 ea
1278 1888 1482 1952 solum
1516 1912 1606 1952 θθ.
1644 1912 1729 1954 rr.
1767 1890 2111 1970 iutuemur,
2161 1912 2327 1972 quae
2363 1912 2401 1950 a
2433 1886 2927 1972 pronominibus

580 2004 922 2088 incipiunt,
974 2004 1076 2066 hic
1124 2026 1276 2068 usus
1326 2014 1622 2088 apparet.
1723 2004 1917 2088 Apud
1969 2003 2369 2090 Aeschylum
2419 2006 2457 2066 6
2505 2002 2663 2066 locis
2713 2002 2925 2064 nudus

584 2120 1036 2186 coniunctivus
1088 2130 1320 2184 exstat.
1374 2120 1665 2200 Quorum
1701 2122 1739 2182 5
1773 2118 1931 2182 locis
1967 2120 2161 2202 noti0‚
2213 2120 2293 2182 ad
2343 2142 2537 2202 quam
2571 2122 2925 2202 pronomen

582 2238 880 2320 refertur,
932 2258 1244 2320 expressa
1294 2246 1410 2320 est,
1466 2238 1495 2298 1
1536 2236 1675 2298 loco
1711 2236 1821 2298 illa
1871 2236 2041 2298 notio
2091 2258 2219 2298 non
2271 2256 2583 2318 expressa
2631 2242 2745 2298 est.
2795 2232 2929 2296 Ubi

584 2362 800 2418 autem
850 2354 1022 2416 notio
1074 2352 1404 2416 relationis
1454 2374 1769 2436 expressa
1813 2360 1925 2436 est,
1979 2374 2069 2414 ee.
2107 2374 2191 2414 rr.
2229 2352 2437 2434 magis
2471 2350 2671 2414 fidum
2709 2372 2927 2412 monu-

584 2478 868 2533 mentum
918 2482 1066 2533 sunt
1112 2470 1424 2555 pristinae
1476 2476 1749 2533 naturae
1813 2472 1872 2515 '—
1931 2476 2203 2531 naturae
2253 2468 2399 2533 dico
2449 2467 2929 2533 enuntiatorum

586 2587 1242 2649 demonstrativorum
1270 2595 1334 2649 et
1368 2585 1843 2669 primariorum.
1895 2583 2217 2647 Locorum
2245 2585 2307 2665 5,
2343 2583 2577 2668 quibus
2601 2587 2673 2651 ἄν
2695 2591 2927 2663 exstat,

586 2704 626 2765 3
676 2701 834 2765 locis
882 2701 1054 2763 notio
1104 2699 1434 2765 relationis
1486 2721 1799 2783 expressa
1849 2707 1961 2781 est,
2013 2699 2065 2761 si
2115 2699 2311 2761 modo.
2355 2699 2475 2763 hoc
2525 2699 2741 2761 dicere
2787 2719 2929 2781 pos-

586 2839 804 2881 sumus
856 2817 936 2879 de
984 2815 1208 2901 Suppl.
1260 2819 1384 2879 441
1438 2817 1648 2879 Prom.
1703 2817 1809 2881 35.

804 2933 902 2995 De
938 2919 1254 3017 Sophocle
1292 2931 1650 2997 videamus,
1707 2935 1785 2997 16
1835 2933 2143 3017 locorum,
2195 2933 2445 3019 quibus
2479 2931 2931 2993 coniunctivus

590 3049 802 3113 nudus
850 3049 1086 3131 legitur
1150 3089 1206 3097 —-
1270 3047 1350 3111 de
1398 3049 1474 3111 iis
1526 3049 1671 3111 dico
1723 3071 1813 3111 θθ.
1865 3051 2049 3133 rrst'iS,
2123 3071 2289 3133 quae
2347 3071 2383 3111 a
2441 3045 2931 3131 pronominibus

590 3165 908 3249 incipiunt
962 3205 1038 3211 ——
1090 3165 1264 3227 notio
1314 3165 1643 3227 relationis
1695 3165 1733 3227 6
1783 3185 2095 3247 expressa
2143 3175 2257 3247 est,
2313 3167 2393 3227 10
2443 3185 2569 3225 non
2621 3181 2935 3245 expressa

592 3289 708 3365 est,
749 3283 856 3363 ‚31
912 3279 1220 3363 locorum,
1288 3281 1522 3365 quibus
1574 3279 1897 3363 particula
1947 3281 2017 3345 ἄν
2069 3279 2297 3342 addita
2347 3287 2459 3361 est,
2531 3279 2565 3341 7
2616 3277 2773 3341 locis
2823 3299 2933 3339 ex-

592 3419 838 3481 pressa,
910 3397 994 3459 24
1050 3417 1176 3459 non
1238 3417 1550 3479 expressa
1612 3405 1727 3457 est.
1825 3395 2037 3477 Atque
2097 3395 2291 3457 etiam
2351 3393 2479 3457 alia
2537 3393 2703 3461 ratio
2755 3391 2931 3475 apud

592 3511 974 3597 Sophoclem
1042 3511 1279 3593 existit,
1352 3515 1406 3573 si
1466 3521 1757 3573 tenemus
1817 3509 2205 3594 particulam
2255 3513 2327 3579 ἄν
2377 3509 2727 3573 cohaerere
2787 3529 2933 3571 cum

594 3651 902 3713 processu
949 3627 1076 3711 illo,
1128 3651 1252 3711 quo
1304 3649 1394 3690 ee.
1448 3649 1534 3689 rr.
1586 3649 1669 3687 ex
1719 3627 2045 3711 primariis
2095 3629 2157 3687 in
2209 3625 2603 3689 secundaria
2643 3623 2933 3687 abibant.

594 3745 836 3809 Eorum
892 3745 1200 3829 locorum,
1260 3745 1494 3829 quibus
1544 3745 1709 3807 coni.
1761 3743 1973 3807 nudus
2023 3753 2257 3827 exstat,
2329 3741 2609 3805 omnium
2663 3741 2799 3823 (18)
2855 3741 2935 3803 13

594 3863 754 3927 locis
802 3885 856 3927 e.
906 3883 956 3925 r.
1016 3861 1322 3945 primario
1396 3859 1845 3945 postpositum,
1903 3861 1943 3923 5
2003 3861 2435 3945 antepositum
2485 3869 2599 3923 est.
2695 3857 2933 3921 Eorum

596 3979 904 4061 locorum,
956 3977 1190 4063 quibus
1238 3979 1310 4043 ἄν
1360 3977 1731 4061 appositum
1780 3987 1893 4059 est,
1947 3979 2227 4039 omnium
2281 3977 2417 4059 (39)
2473 3975 2551 4039 19
2601 3975 2759 4037 locis
2793 3997 2847 4035 e.
2883 3995 2935 4037 r.

598 4093 904 4177 primario
954 4095 1400 4177 postpositum,
1472 4095 1558 4157 20
1606 4091 2037 4175 antepositum
2087 4101 2201 4155 est.
2295 4089 2439 4153 Hoc
2487 4098 2701 4153 autem
2751 4111 2937 4151 nemo

598 4231 726 4273 non
778 4209 1110 4291 concedet,
1158 4209 1270 4273 ubi
1304 4233 1356 4271 θ.
1394 4231 1444 4273 r.
1498 4209 1805 4293 primario
1855 4207 2281 4291 postpositum
2331 4215 2447 4287 est,
2497 4213 2799 4269 naturam
2845 4227 2935 4269 θθ.

598 4337 868 4389 mvn-rum
934 4325 1272 4409 pristinam
1340 4323 1548 4407 magis
1612 4333 1939 4387 servatam
2007 4344 2167 4387 esse..
2263 4323 2561 4407 Denique
2609 4321 2719 4385 ubi
2771 4319 2937 4385 coni.

602 4441 812 4505 nudus
864 4449 980 4521 est,
1030 4461 1284 4523 semper
1332 4441 1466 4503 fere
1515 4461 1795 4523 persona
1841 4439 1943 4501 111
1993 4439 2267 4503 verbum
2315 4439 2805 4523 pronuntiatum
2845 4443 2941 4499 est
