3327 5013
1574 412 1660 480 29

444 608 832 698 Sophoclem
884 610 964 676 18
1012 608 1172 676 locis
1218 610 1458 696 legitur
1504 610 1570 674 in
1620 632 1715 676 ee.
1765 612 1947 674 ruffi.
2001 608 2433 676 Coniunctivo
2467 602 2789 696 particula

438 730 514 796 ἄν
550 728 852 812 apposita
900 736 994 790 est
1044 726 1222 812 apud
1270 726 1670 814 Aeschylum
1719 728 1779 810 6,
1829 726 2007 812 apud
2057 726 2445 812 Sophoclem
2489 728 2787 794 3910013.

442 844 642 928 Apud
692 842 1078 928 Sophoclem
1138 842 1336 926 igitur
1396 842 1596 906 multo
1654 842 1953 926 pluribus
2010 842 2169 908 locis
2219 844 2673 910 coniunctivus
2721 846 2787 908 in

438 982 532 1026 ee.
580 960 984 1024 secundariis
1030 968 1382 1044 usurpatus
1430 958 1847 1052 affirmationi
1881 966 1945 1022 et
1975 958 2215 1024 iudicio
2259 960 2533 1024 inservit
2581 984 2775 1046 quam

438 1076 612 1160 apud
666 1076 1086 1164 Aeschylum.
1180 1074 1398 1140 Etiam
1446 1076 1520 1142 ἄν
1572 1074 1751 1160 apud
1799 1074 2189 1160 Sophoclem
2235 1076 2429 1140 latius
2477 1084 2681 1160 patet.

1262 1400 1380 1470 IV.
1458 1404 1512 1484 ὅ,
1560 1404 1620 1494 ἥ,
1671 1414 1757 1472 τό.
1807 1404 1963 1470 ὅστε.

658 1574 934 1638 Formae
981 1554 1380 1658 pronominis
1414 1574 1468 1652 ὅ,
1500 1574 1564 1662 ἥ,
1598 1582 1667 1640 τό
1701 1594 1743 1638 a
1773 1600 1805 1640 τ
1853 1572 2237 1658 incipientes
2285 1574 2571 1660 scriptae
2619 1584 2787 1662 sunt,

438 1700 510 1756 ut
574 1690 784 1754 hiatus
850 1690 1113 1772 vitetur,
1186 1688 1422 1754 Aesch.
1488 1688 1715 1772 Suppl.
1775 1690 1929 1754 529.
1981 1690 2129 1754 606.
2193 1690 2371 1756 Pers,
2431 1692 2581 1756 896.
2635 1692 2781 1758 781.

442 1806 616 1890 Sept.
668 1806 772 1870 36.
822 1806 972 1870 496.
1048 1804 1176 1888 Ag.
1226 1804 1374 1868 646.
1426 1804 1600 1884 965.,
1675 1802 1873 1888 Soph.
1927 1802 2043 1868 ΟΒ
2097 1804 2285 1870 1054.
2351 1806 2539 1870 1427.
2597 1808 2789 1872 1379.

440 1920 602 1986 Phil.
640 1922 722 1982 14
768 1918 884 1986 OC
920 1920 1068 1984 304.
1120 1920 1268 1984 881.
1324 1920 1470 1984 747.
1524 1918 1715 1984 1258.
1771 1918 1865 1984 ΕΙ.
1901 1920 2051 1984 205.
2105 1920 2293 1984 1144.
2345 1920 2453 1984 Tr.
2489 1922 2595 1986 47.
2637 1924 2785 1988 728.

440 2038 592 2102 Ant.
642 2038 794 2100 606.
834 2036 982 2100 826.
1032 2036 1222 2116 1086,
1270 2042 1340 2098 ut
1386 2032 1644 2122 syllaba
1692 2034 1933 2118 brevis,
1983 2057 2151 2120 quae
2199 2036 2265 2098 in
2313 2052 2781 2102 consonantem

442 2150 598 2234 exit,
646 2150 860 2214 littera
906 2178 938 2216 τ
986 2148 1388 2234 producatur
1436 2150 1671 2216 Aesch.
1723 2150 1955 2234 Suppl.
2005 2150 2153 2216 308.
2211 2152 2357 2216 706.
2413 2152 2559 2218 174.
2609 2152 2787 2219 Pers.

440 2266 548 2330 42.
598 2266 782 2330 Eum.
830 2266 982 2348 485,
1052 2274 1122 2328 ut
1178 2264 1432 2330 initium
1480 2288 1707 2330 versus
1757 2266 2215 2330 corroboretur
2263 2268 2499 2332 Aesch.
2551 2270 2781 2354 Suppl.

442 2384 592 2449 268.
644 2381 828 2445 Eum.
882 2382 1032 2447 917.
1084 2380 1262 2447 Pers.
1312 2380 1416 2447 98.
1470 2380 1667 2465 Soph.
1719 2380 1883 2445 Phil.
1923 2384 2093 2447 1125
2143 2380 2259 2449 OC
2299 2384 2445 2451 702.
2495 2384 2599 2451 Ai.
2637 2386 2787 2453 256.

440 2499 592 2565 225.
670 2497 956 2563 Causam
1000 2495 1244 2561 nullam
1288 2495 1588 2561 “videmus
1638 2497 1837 2581 Soph.
1887 2495 2025 2581 OO,
2075 2499 2189 2581 353
2239 2521 2357 2585 pro
2400 2517 2517 2569 τῶν
2561 2501 2783 2569 Elmsl.

442 2617 522 2683 ὧν
566 2613 764 2679 scribi
812 2611 968 2679 vult.

654 2729 758 2791 De
816 2729 1196 2811 pronomine
1250 2729 1388 2797 ὅστε
1438 2729 1847 2793 Lammertus
1911 2731 2133 2795 statuit
2193 2731 2371 2815 apud
2429 2731 2785 2797 Homerum

440 2847 730 2909 locorum
778 2843 906 2907 239
940 2843 980 2905 6
1012 2843 1170 2907 locis
1210 2869 1270 2909 τε
1306 2845 1510 2907 omitti
1558 2867 1767 2929 posse,
1817 2855 1887 2909 ut
1933 2845 2185 2909 numeri
2233 2845 2409 2929 pleni
2459 2863 2789 2931 maneant,

442 2961 672 3025 ceteris
719 2967 988 3043 propter
1034 2979 1336 3021 numeros
1386 2959 1775 3041 particulam
1821 2985 1883 3025 τε
1933 2959 2313 3023 desiderari.
2391 2959 2541 3041 Qua
2589 2961 2671 3025 de
2717 2985 2787 3027 re

442 3097 590 3141 cum
638 3073 942 3159 exempla
990 3073 1416 3161 Aeschylea¹)
1466 3059 1957 3157 perlustramus,
2023 3073 2145 3139 hoc
2203 3075 2513 3143 efficitur:
2585 3079 2784 3163 parti-

444 3191 592 3257 cula
622 3219 684 3259 τε
716 3211 1036 3277 nusquam
1086 3189 1288 3253 omitti
1336 3197 1566 3275 potest.
1652 3189 1887 3255 Hiatus
1937 3191 2107 3255 enim
2155 3193 2401 3257 vitatur
2447 3193 2663 3259 littera
2693 3223 2725 3261 τ
2759 3223 2787 3263 ε

442 3307 598 3371 eliso
650 3307 876 3391 Suppl.
908 3307 992 3373 58
1042 3307 1218 3391 Sept.
1252 3307 1400 3373 488.
1444 3307 1632 3373 1045.
1685 3307 1813 3391 Ag.
1849 3309 1997 3373 367.
2053 3307 2169 3375 Oh.
2207 3311 2355 3373 611.
2407 3309 2595 3377 Eum.
2637 3313 2787 3379 917.

444 3421 610 3485 Tum
660 3423 726 3497 ὃς
774 3419 1002 3483 eodem
1058 3423 1250 3485 modo
1308 3423 1691 3507 producitur
1749 3421 1975 3509 Suppl.
2033 3423 2141 3489 48.
2189 3425 2339 3489 565.
2405 3425 2585 3491 Pers.
2635 3429 2787 3495 299.

444 3535 718 3623 Syllaba
764 3535 982 3599 brevis
1032 3535 1332 3621 denique,
1382 3559 1512 3621 qua
1560 3561 1723 3623 opus
1773 3547 1887 3621 est,
1937 3539 2263 3623 particula
2303 3567 2367 3607 τε
2401 3539 2593 3605 facile
2641 3565 2787 3607 nas-

444 3651 612 3715 citur
676 3651 854 3715 PerS.
908 3651 1008 3715 12.
1082 3649 1262 3735 Sept.
1316 3651 1462 3715 127.
1516 3653 1663 3717 735.
1735 3655 1863 3735 Ag.
1919 3655 2025 3719 40.
2083 3655 2269 3719 1110.
2343 3655 2529 3719 Eum.
2595 3659 2787 3725 1022.

444 3767 522 3833 fr.
558 3767 662 3833 39.
698 3767 884 3833 Eum.
920 3769 1048 3831 335
1096 3767 1276 3831 locus
1326 3767 1564 3833 dubius
1612 3779 1727 3833 est.
1779 3771 1881 3833 De
1927 3779 2165 3835 natura
2211 3773 2613 3857 pronominis
2649 3777 2787 3843 ὅστε

444 3905 572 3947 non
624 3881 882 3967 disputo
930 3883 1010 3949 cf.
1062 3881 1374 3947 Kuehner
1406 3883 1492 3947 II.
1532 3883 1679 3949 701.
1715 3885 1775 3949 3.
1827 3885 2055 3951 Delbr.
2105 3908 2167 3971 p.
2203 3887 2309 3951 51.
2359 3887 2581 3951 Unum
2613 3891 2787 3955 addo
2861 3873 2867 3877 ¹

446 3997 674 4083 Suppl.
708 3999 814 4063 58.
848 4021 988 4083 sqq.
1024 4051 1038 4065 .
1072 3999 1124 4065 ei
1156 4003 1220 4065 δὲ
1252 4013 1422 4087 κυρεῖ
1450 4025 1538 4075 τις
1580 4005 1777 4077 πὲλας
1827 4001 2211 4069 οἰωνοπόλων
2251 4001 2261 4089 Ι
2303 4005 2543 4087 ἔγγαιος
2591 3999 2789 4075 οἶκτον

444 4091 680 4199 οἰκτρὸν
742 4117 908 4193 ἀίων,
968 4115 976 4201 Ι
1026 4119 1264 4193 δοξάσει
1320 4143 1410 4193 τις
1468 4119 1711 4185 &nobem
1753 4123 1761 4199 Ι
1813 4121 1933 4185 ὄπα
1989 4133 2115 4195 τᾶς
2159 4117 2425 4209 Τηρεΐας
2477 4123 2489 4203 Ι
2539 4125 2787 4211 μήτιδος

444 4229 690 4315 οἰκτρᾶς
752 4233 988 4319 ἀλόχου
1032 4231 1040 4319 Ι
1094 4237 1466 4321 κιρκηλάτου
1514 4233 1827 4323 τ’ὀιηδόνος
1869 4237 1877 4315 Ι
1933 4233 2021 4299 ἅτ’
2073 4235 2191 4301 ἀπὸ
2239 4241 2457 4323 χώρων
2503 4251 2789 4325 ποταμῶν

660 4444 702 4509 ¹)
746 4443 1054 4511 Sophoclis
1094 4447 1376 4515 exempla
1414 4449 1544 4499 fere
1584 4447 1751 4501 nulla
1793 4453 1853 4501 et
1897 4447 2083 4501 dubia
2121 4453 2277 4503 sunt.
