3327 5013
1564 428 1648 492 27

438 630 654 694 adhuc
704 626 1054 712 disputavi,
1106 626 1410 688 efficitur:
1464 602 1735 686 Etiamsi
1785 622 2005 706 aliqua
2051 642 2173 682 nec
2221 642 2347 684 non
2381 620 2615 702 gravia
2649 620 2773 682 dis-

438 746 724 810 criminis
776 744 1052 826 vestigia
1098 748 1440 826 apparent,
1490 750 1703 802 tamen
1755 736 2247 802 concedendum
2297 744 2393 798 est
2451 734 2775 820 duplicem

438 862 824 924 locutionem
886 898 962 906 —
1022 866 1328 942 quantum
1402 854 1665 940 quidem
1737 854 1973 916 sentire
2047 874 2383 936 possumus
2445 892 2523 900 —-
2581 874 2777 934 saepe

438 976 664 1040 eodem
714 996 906 1038 sensu
954 974 1316 1058 praeditam
1368 992 1528 1034 esse.
1624 970 1769 1032 Hoc
1827 968 2021 1032 etiam
2079 968 2221 1032 aliis
2279 966 2593 1050 exemplis
2651 964 2777 1028 cla-

438 1092 704 1156 rissimis
754 1088 1234 1174 comprobatur.
1320 1086 1538 1148 Unum
1588 1094 1650 1146 et
1699 1084 1983 1146 maxime
2031 1084 2291 1168 quidem
2341 1082 2777 1168 perspicuum,

440 1206 608 1292 quod
668 1206 730 1268 in
796 1206 1098 1292 Odyssea
1154 1202 1308 1264 mihi
1368 1200 1671 1284 occurrit,
1743 1202 1943 1266 affero
1991 1228 2023 1266 τ
2071 1202 2219 1264 329.
2273 1204 2337 1276 ὃς
2387 1207 2491 1286 μὲν
2541 1202 2779 1284 ἀπηνὴς

440 1322 620 1398 αὐτὸς
668 1326 740 1410 ἔῃ
788 1330 892 1388 καὶ
940 1324 1174 1412 ἀπηνέα
1222 1322 1550 1436 §mali-'sp
1598 1326 1662 1388 δὲ
1711 1334 2091 1406 καταρῶνται
2121 1326 2337 1412 πάντες
2379 1322 2581 1402 βροτοὶ
2613 1314 2779 1396 ἄλγέ

440 1442 667 1506 ὀπίσσω
718 1490 730 1502 .
784 1490 796 1502 .
848 1490 860 1502 .
904 1438 914 1524 Ι
956 1442 1022 1512 ὃς
1054 1438 1120 1502 ’δ’
1173 1438 1244 1504 ἂν
1294 1440 1548 1524 ἀμὺμων
1596 1436 1781 1512 αὐτὸς
1829 1440 1903 1522 ἔῃ
1951 1442 2055 1502 καὶ
2113 1436 2395 1521 ἀμὺμονα
2451 1432 2581 1518 εἰδῇ
2625 1436 2633 1512 Ι
2675 1442 2777 1496 τοῦ

442 1562 546 1642 μέν
594 1580 657 1620 τε
704 1558 886 1628 κλέος
934 1552 1074 1640 εὐρὺ
1124 1558 1222 1618 διὰ
1270 1558 1444 1628 ξεῖνοι
1494 1562 1829 1642 φορέουσιν.
1929 1550 2001 1614 In
2063 1550 2291 1614 eadem
2339 1548 2659 1610 sententia
2707 1550 2779 1612 ἄν

444 1670 620 1754 prius
672 1670 974 1732 omissum
1026 1678 1162 1732 tum
1212 1668 1506 1732 additum
1556 1678 1671 1732 est.
1767 1666 1971 1730 Nemo
2021 1666 2125 1730 hic
2171 1666 2377 1730 ullum
2433 1664 2779 1726 discrimen

444 1784 856 1868 indagaverit
905 1784 1028 1846 nisi
1076 1782 1372 1846 subtilior
1422 1806 1614 1868 quam
1665 1784 1969 1866 sagacior
2015 1782 2353 1866 interpres,
2543 1764 2545 1766 Ι

658 1900 810 1982 Sed,
858 1900 928 1962 ni
974 1898 1182 1980 fallor,
1233 1900 1426 1964 etiam
1476 1898 1677 1982 aliud,
1729 1898 1901 1984 quod
1951 1898 2017 1962 in
2067 1898 2387 1962 exteriore
2429 1898 2639 1960 forma
2671 1918 2779 1980 po-

440 2016 632 2078 situm
680 2026 796 2098 est,
846 2016 932 2080 ad
980 2038 1163 2080 usum
1214 2014 1576 2100 particulae
1624 2018 1697 2084 ἄν
1749 2016 1995 2100 aliquid
2047 2014 2267 2078 valuit.
2321 2014 2536 2096 Supra
2577 2036 2637 2096 p.
2675 2014 2779 2076 21.

444 2130 944 2194 commemoravi
994 2130 1476 2194 coniunctiones
1524 2132 1594 2208 εἰ,
1652 2130 1801 2210 εὖτε,
1863 2132 1959 2196 ’ὅτε
2015 2130 2217 2192 multo
2275 2128 2567 2214 pluribus
2625 2128 2783 2190 locis

446 2245 620 2330 apud
674 2244 1070 2332 Aeschylum
1122 2268 1264 2308 cum
1316 2246 1729 2310 coniunctivo
1781 2254 1843 2308 et
1891 2248 1965 2312 ἄν
2013 2268 2206 2330 quam
2265 2266 2411 2308 cum
2459 2244 2631 2308 nudo
2682 2266 2783 2308 co-

448 2362 776 2426 niunctivo
826 2372 1228 2424 constructas
1278 2384 1436 2426 esse.
1506 2366 1717 2446 Atque
1767 2362 2091 2446 plerisque
2139 2364 2273 2424 sere
2323 2360 2501 2442 locis,
2549 2358 2783 2446 quibus

446 2480 542 2545 ὅτε
576 2486 638 2539 et
670 2478 718 2543 εἰ
754 2497 898 2539 cum
948 2476 1360 2539 coniunctivo
1406 2486 1468 2539 et
1502 2480 1572 2545 ἄν
1606 2486 2089 2559 construuntur,
2141 2474 2467 2561 particula
2515 2478 2587 2545 ἄν
2637 2499 2783 2539 cum

446 2593 716 2657 vocibus
766 2593 888 2657 illis
936 2593 1344 2677 componitur
1392 2601 1454 2657 et
1501 2593 1807 2659 miscetur
1855 2597 1977 2673 ἐὰν,
2029 2599 2121 2685 ἥν,
2171 2597 2331 2663 ὅταν.
2415 2595 2565 2675 Qua
2613 2615 2783 2657 com-

450 2709 762 2793 positione
796 2709 950 2791 quia
984 2707 1350 2771 coniunctio
1386 2717 1448 2773 et
1484 2711 1805 2793 particula
1839 2713 1911 2779 ὂὶν
1947 2713 2009 2773 in
2045 2733 2241 2773 unum
2279 2711 2463 2795 quasi
2513 2709 2785 2773 verbum

448 2825 842 2903 coaluerant,
878 2825 950 2889 ἄν
976 2823 1536 2889 coniunctionibus
1564 2827 1939 2891 adscribere
1971 2827 2227 2891 facilius
2253 2825 2785 2891 consuescebant.

448 2943 662 3025 Atque
710 2939 906 3003 etiam
954 2937 1038 3001 ad
1090 2961 1390 3003 numeros
1440 2941 1753 3003 iambicos
1801 2943 2049 3005 formae
2097 2965 2241 3005 cum
2285 2945 2355 3009 ἄν
2391 2941 2785 3027 compositae

450 3055 734 3139 aptiores
766 3063 912 3117 sunt
946 3075 1140 3137 quam
1174 3053 1390 3117 nudae
1424 3077 1616 3119 voces
1650 3059 1723 3135 εἰ,
1755 3059 1871 3123 ὅτε.
1923 3057 2145 3143 Neque
2191 3057 2533 3143 quisquam
2583 3057 2789 3119 nescit

452 3193 750 3235 numeros
798 3169 1187 3255 permultum
1234 3169 1518 3235 valuisse
1566 3173 1646 3237 ad
1691 3175 1931 3239 formas
1965 3175 2443 3259 temperandas,
2497 3175 2789 3239 Comme-

452 3309 702 3351 morare
774 3287 978 3351 solum
1050 3285 1243 3351 liceat
1312 3289 1554 3355 formas
1626 3289 1939 3375 dupliceS,
2021 3315 2187 3377 quae
2259 3291 2433 3375 apud
2505 3291 2789 3373 tragicos

452 3405 746 3467 Graecos
812 3405 1130 3489 plurimae
1192 3417 1560 3493 occurrunt,
1638 3407 1837 3471 veluti
1891 3417 2363 3495 μέσος-μέσσος,
2415 3417 2789 3495 μικρός-σμ.,

448 3529 820 3611 σφὶν-σφίσιν
854 3531 974 3585 etc.
1028 3523 1276 3589 Harum
1328 3547 1558 3589 causas
1606 3525 1671 3587 in
1723 3525 2005 3587 numeris
2045 3525 2287 3607 positas
2323 3545 2459 3585 esse
2495 3532 2791 3607 apertum

450 3647 562 3701 est.
660 3639 898 3701 Similis
962 3641 1324 3723 particulae
1386 3643 1460 3707 ἄν
1522 3663 1695 3719 usus,
1767 3639 2025 3725 qualem
2093 3641 2173 3703 de
2215 3643 2353 3717 ἐὰν,
2413 3641 2557 3707 ὅταν
2615 3639 2789 3723 apud

454 3753 848 3841 Aeschylum
902 3755 1202 3837 vidimus,
1252 3757 1428 3841 apud
1478 3755 1861 3841 Sophoclem
1911 3757 1975 3817 in
2025 3777 2143 3817 usu
2193 3757 2641 3839 pronominum
2699 3757 2791 3839 ip-

452 3891 668 3933 sorum
718 3871 1018 3945 occurrit.
1118 3873 1196 3935 18
1244 3873 1552 3955 locorum,
1610 3871 1847 3957 quibus
1897 3873 2061 3935 coni.
2113 3871 2323 3935 nudus
2373 3881 2487 3953 est,
2543 3873 2643 3953 lsi,
2709 3873 2791 3937 39

452 3985 758 4067 locorum,
810 3987 1044 4071 quibus
1094 3989 1166 4055 ἄν
1214 3987 1508 4051 additum
1558 3997 1673 4071 est,
1723 3989 1801 4051 31
1843 4011 1879 4051 a
1915 3986 2403 4073 pronominibus
2451 3987 2791 4071 incipiunt.

456 4101 864 4187 Ubicumque
936 4113 1150 4167 autem
1222 4113 1454 4169 neutra
1528 4103 1807 4189 pluralia
1869 4107 1929 4181 ἃ,
1999 4107 2135 4183 ὅσα,
2203 4105 2399 4171 ὁπόσα.
2469 4103 2791 4189 leguntur,

452 4239 708 4303 semper
758 4219 1078 4303 particula
1124 4223 1196 4289 ἄν
1246 4221 1548 4305 apposita
1598 4231 1693 4285 est
1741 4231 1803 4285 ot
1849 4221 2155 4285 facillime
2203 4243 2349 4283 cum
2399 4220 2621 4283 formis
2671 4219 2793 4283 illis

456 4337 758 4399 miscetur
806 4341 898 4415 ἂν,
948 4339 1218 4415 ὁπὸσ’ἇν,
1270 4339 1460 4405 ὅσ’ἄν.
1558 4339 1775 4423 Atque
1831 4339 1993 4403 haec
2051 4339 2611 4421 formaesemper
2657 4337 2793 4399 fere

454 4451 548 4515 sic
596 4463 944 4535 usurpatae
994 4462 1158 4517 sunt.
1250 4453 1526 4537 Legitur
1574 4455 1646 4521 ἄν
1699 4455 1799 4521 Ai.
1863 4455 2025 4521 1084
2073 4455 2229 4537 (bis)
2279 4453 2397 4519 OR
2445 4455 2595 4517 579.
2645 4453 2793 4517 280.
