3327 5013
1767 356 1847 426 18

630 540 734 616 Αἰ.
776 554 946 618 1159
998 552 1114 618 OR
1152 556 1324 618 1230
1372 554 1488 620 OC
1524 556 1654 620 394
1701 554 1798 620 ΕΙ.
1840 558 1985 622 770.
2029 560 2197 624 1058
2247 562 2409 636 ὅστις
2461 560 2559 624 Ai.
2601 558 2745 628 758.
2797 556 2871 626 Ε.
2919 584 2971 650 r.
3085 568 3092 570 ’

630 670 958 734 antecedit
1004 672 1072 746 ὅς
1124 668 1240 736 oc
1288 672 1418 736 229
1466 672 1620 738 Ant.
1673 674 1801 738 323
1851 672 2013 738 Phil.
2071 676 2259 741 1360.
2665 658 2671 662 ’
3035 696 3037 698 ·

844 786 910 868 b)
959 774 1268 871 temporis
1316 786 1606 870 perfecti.
1703 788 1777 852 Ε.
1827 810 1877 850 r.
1931 790 2219 874 sequitur
2267 792 2429 866 ὅστις
2479 790 2585 854 Tr.
2645 794 2833 860 1008.

842 902 918 966 Β.
970 900 1400 966 Coniunctivo
1450 902 1783 986 particula
1829 906 1903 970 ἄν
1953 906 2251 990 apposita
2301 914 2415 970 est.

840 1018 890 1080 Ι.
942 1016 1054 1080 Ε3.
1106 1040 1216 1102 rr.,
1266 1040 1434 1104 quae
1482 1040 1596 1082 suo
1646 1040 1915 1084 munere
1963 1020 2345 1102 funguntur.

844 1134 900 1196 1.
950 1132 1172 1198 Unum
1218 1156 1272 1198 e.
1324 1156 1374 1196 r.
1428 1156 1466 1198 a
1512 1134 1893 1218 pronomine
1941 1134 2202 1220 incipit.
2267 1136 2339 1198 Ε.
2391 1138 2581 1220 prim.
2631 1146 2726 1202 est
2773 1146 2967 1223 temp.

626 1270 838 1332 praes,
934 1248 1008 1314 E.
1057 1270 1110 1312 r.
1162 1248 1488 1312 antecedit
1534 1252 1602 1326 ὃς
1652 1252 1807 1314 Ant.
1855 1252 2005 1316 563.

840 1366 898 1428 2.
952 1364 1062 1428 Ε3.
1114 1388 1224 1448 1·1·.,
1274 1388 1442 1450 quae
1492 1366 1576 1430 ab
1626 1366 1961 1430 adverbiis
2011 1366 2351 1450 incipiunt.

846 1480 916 1545 Ε.
966 1480 1154 1564 prim.
1206 1486 1300 1544 e'st
1348 1490 1412 1560 a)
1460 1490 1506 1546 t.
1560 1504 1771 1566 praes,
1821 1482 1895 1545 E.
1933 1468 1983 1544 r.
2035 1482 2325 1568 sequitur
2373 1484 2455 1558 ὡς
2507 1484 2607 1550 Ai.
2651 1486 2839 1550 1116.
2883 1486 2967 1572 (Ρ)

628 1598 700 1664 Ε.
752 1620 802 1676 r.
854 1597 1184 1662 antecedit
1229 1600 1384 1666 ἔνθα
1434 1596 1550 1662 OR
1602 1600 1791 1664 1460.
2543 1598 2555 1608 “

838 1714 910 1792 b)
958 1722 1002 1776 t.
1052 1714 1272 1778 futuri.
1368 1714 1442 1776 Ε.
1501 1736 1552 1778 r.
1622 1714 1913 1800 sequitur
1979 1716 2081 1792 ὡς.
2147 1716 2271 1780 Ph.
2334 1717 2501 1780 1329
2571 1716 2655 1804 (P)
2719 1718 2967 1802 ὅποιπερ

626 1830 728 1894 Ai.
782 1830 910 1894 310
956 1834 1112 1898 ἔνθα
1160 1830 1310 1894 Ant.
1356 1810 1492 1894 ’113
1542 1832 1646 1896 Ai.
1697 1832 1825 1896 657
1877 1830 1995 1896 ΟΒ
2043 1834 2191 1896 672.
2273 1832 2347 1896 E.
2407 1856 2459 1896 r.
2509 1832 2835 1896 antecedit
2883 1834 2967 1908 ὡς

624 1946 728 2008 Ai.
786 1948 976 2012 1369.

838 2062 924 2126 Π.
978 2062 1088 2124 Ε3.
1140 2082 1250 2146 rr.,
1300 2084 1466 2146 quae
1516 2062 1913 2126 substantivi
1961 2084 2225 2148 munere
2274 2063 2655 2146 funguntur.

838 2176 914 2242 E.
984 2178 1172 2262 prim.
1248 2186 1344 2240 est
1410 2184 1478 2260 a)
1550 2188 1747 2262 temp.
1819 2178 2201 2262 praesentis.
2297 2178 2371 2240 Ε.
2423 2200 2473 2242 r.
2541 2178 2831 2272 sequitur
2897 2180 2967 2254 ὃς

624 2294 726 2357 Ai.
784 2294 972 2361 1084.
1048 2292 1166 2359 OR
1212 2294 1344 2359 280
1390 2294 1498 2357 Tr.
1550 2294 1699 2361 398.
1781 2294 1855 2357 Ε.
1907 2317 1957 2357 r.
2011 2292 2337 2357 antecedit
2385 2296 2451 2369 ὅς
2501 2290 2619 2359 ΟΒ
2667 2294 2797 2359 579
2849 2292 2965 2359 OG

628 2411 796 2473 1332
858 2411 1010 2473 Ant.
1062 2409 1166 2475 35.
1218 2409 1372 2489 582.
1422 2411 1588 2475 1057
1652 2409 1815 2475 Phil.
1869 2411 1951 2473 86
2001 2411 2185 2497 ὅσπερ
2255 2409 2363 2473 Tr.
2417 2411 2545 2473 714
2591 2411 2735 2485 ὅσος
2799 2409 2965 2473 Phil.

628 2525 798 2589 1072
844 2527 922 2587 fr.
974 2525 1098 2587 inc.
1156 2525 1302 2591 748.

836 2640 906 2727 b)
960 2649 1004 2701 t.
1064 2639 1280 2703 futuri.
1378 2639 1450 2703 E.
1502 2662 1552 2703 r.
1612 2639 1907 2725 sequitur
1953 2641 2021 2715 ὃς
2079 2639 2183 2703 Ai.
2239 2641 2407 2704 1086
2471 2639 2567 2703 El.
2621 2641 2749 2705 942
2797 2641 2963 2715 ὅσος.

626 2757 742 2823 OG
796 2757 964 2821 1633
1014 2755 1132 2821 OR
1183 2757 1282 2819 76.
1340 2757 1526 2819 1121.
1578 2755 1743 2819 Phil.
1793 2757 1879 2819 64
1927 2757 2185 2843 &concep
2239 2755 2333 2819 ΕΙ.
2385 2757 2513 2821 946
2565 2759 2787 2831 ὁπόσος
2847 2753 2963 2819 OC

628 2875 798 2937 1773
846 2875 988 2949 οἷος.
1062 2871 1176 2937 OC
1226 2873 1354 2937 956
1404 2875 1608 2949 ὁποῖος
1665 2871 1829 2935 Phil.
1883 2873 2029 2937 658.
2127 2873 2199 2935 Ε.
2251 2895 2301 2935 r.
2355 2871 2683 2935 antecedit
2729 2873 2795 2947 ὃς
2849 2869 2965 2935 OR

628 2991 774 3053 724.
830 2990 954 3053 749
1004 2987 1120 3053 OC
1174 2989 1252 3051 12
1300 2987 1416 3051 Ph.
1468 2977 1616 3053 574.
1669 2989 1815 3053 843.
1875 2989 2061 3053 1275.
2119 2989 2281 3051 1431
2335 2991 2477 3063 ὅσος
2527 2985 2643 3051 OO
2697 2989 2799 3051 73.

838 3101 1078 3167 Omnia
1104 3125 1196 3165 33.
1224 3125 1310 3167 rr.
1340 3105 1725 3169 sententiam
1755 3105 2107 3185 continent,
2159 3127 2325 3187 quae
2359 3103 2749 3183 cogitatione
2785 3101 2963 3185 prior

626 3229 722 3283 est
770 3241 964 3305 quam
1014 3217 1242 3301 altera,
1314 3219 1626 3303 primaria
1675 3219 1941 3301 scilicet,
2015 3241 2105 3281 ee.
2157 3239 2265 3301 rr.,
2337 3227 2407 3281 ut
2469 3217 2755 3281 breviter
2815 3239 2963 3281 cum

624 3333 1066 3426 Delbrueckio
1104 3333 1338 3417 dicam,
1386 3335 1608 3419 priora
1655 3341 1821 3415 sunt.
1873 3331 2353 3397 Delbrueckius
2389 3333 2559 3397 enim
2593 3333 2659 3397 in
2693 3333 2963 3417 egregia

624 3427 1164 3513 commentatione
1212 3471 1350 3533 sua,
1416 3471 1612 3534 quam
1675 3447 1935 3543 scripsit
1999 3447 2081 3513 (13
2127 3471 2251 3515 usu
2297 3449 2695 3513 coniunctivi
2745 3459 2807 3512 et
2853 3469 2963 3533 op-

622 3565 812 3629 tativi
858 3565 1122 3647 linguae
1172 3563 1470 3631 Graecae
1518 3573 1580 3627 et
1626 3563 2067 3629 Sanscriticae
2115 3565 2371 3649 (Delbr.
2413 3587 2475 3629 11.
2515 3563 2737 3629 Wind.
2775 3565 2959 3651 Synt.

624 3681 890 3745 Forsch.
926 3681 1004 3769 I),
1052 3703 1181 3745 non
1228 3681 1434 3745 solnm
1482 3703 1574 3745 33.
1624 3703 1711 3745 rr.
1757 3681 1873 3745 sed
1905 3681 2103 3745 etiam
2143 3679 2691 3745 coniunctionalia
2723 3679 2959 3765 omnia,

624 3799 688 3861 in
738 3797 974 3883 quibus
1024 3797 1188 3861 coni.
1240 3805 1302 3859 et
1352 3805 1480 3881 opt.
1530 3795 1855 3879 leguntur,
1917 3797 2007 3861 ita
2053 3797 2355 3881 partitur,
2401 3805 2473 3861 ut
2523 3795 2697 3857 dicat
2745 3795 2963 3857 omnia

626 3900 1002 3997 aut‘priora
1050 3919 1160 3977 aut
1208 3913 1570 3997 posteriora
1626 3933 1767 3975 esse
1833 3911 2031 3999 („Die
2079 3911 2439 3993 Handlung
2489 3909 2603 3973 des
2653 3909 2961 3973 Relativs.

624 4029 706 4091 ist
754 4027 1086 4091 entweder
1134 4027 1252 4091 das
1288 4027 1476 4091 Prius
1526 4027 1685 4091 oder
1733 4025 1853 4091 das
1887 4027 2217 4089 Posterius
2263 4047 2343 4089 zu
2391 4024 2507 4089 der
2557 4025 2671 4087 des
2713 4025 2963 4107 Haupt-

626 4151 832 4207 satzes
882 4165 944 4227 p.
990 4143 1122 4229 35).
1172 4143 1285 4207 Ε3.
1318 4165 1428 4225 1·1·.,
1478 4165 1646 4229 quae
1695 4141 2093 4205 coniunctivi
2141 4139 2443 4225 exempla
2491 4141 2695 4225 attuli,
2743 4141 2965 4225 priora

626 4265 792 4323 sunt.
888 4259 1104 4343 Atque
1152 4257 1480 4343 permulta
1528 4279 1749 4323 eorum
1797 4257 1889 4320 ita
1935 4257 2155 4341 priora
2201 4263 2369 4341 sunt,
2426 4263 2497 4319 ut
2541 4255 2619 4319 iis
2667 4255 2963 4321 condicio

624 4371 950 4459 quaedam
984 4373 1122 4435 sive
1154 4373 1508 4457 propositio
1544 4371 1971 4459 contineatur,
2023 4395 2061 4437 a
2103 4395 2233 4457 qua
2279 4373 2603 4437 sententia
2651 4371 2963 4455 primaria
