3327 5013
1548 428 1634 492 25

418 646 564 688 nem
614 622 988 706 generalem
1036 632 1102 688 et
1148 646 1552 688 communem
1600 632 1921 708 spectare.
1973 622 2159 704 Quae
2207 624 2571 688 Hermanni
2619 646 2759 686 sen=

418 740 624 806 tentia
692 740 848 804 satis
912 740 1192 806 refutata
1248 748 1342 804 est
1406 764 1458 804 a·
1508 738 1887 804 Baeumlino
1959 742 2087 826 (gr.
2147 740 2319 804 Mod.
2381 762 2533 824 pag.
2585 742 2761 820 212).

420 854 538 919 Ille
588 854 758 918 enim
806 856 1188 920 monstravit
1238 856 1432 920 etiam
1478 854 1961 920 coniunctivum
1997 854 2243 918 nudum
2275 854 2361 920 ad
2395 854 2765 918 communia

422 970 740 1036 adhiberi.
814 970 1538 1060 Aeschyleauexempla
1584 970 2001 1034 Hermannus
2053 970 2179 1034 duo
2229 968 2443 1034 attulit
2489 970 2569 1034 fr.
2611 970 2761 1052 255,

422 1086 646 1172 Suppl.
702 1090 846 1170 129,
894 1088 1006 1152 ubi
1055 1086 1510 1152 coniunctivus
1562 1086 1773 1150 nudus
1823 1094 1937 1152 est.
2025 1086 2393 1152 Enuntiatis
2441 1086 2599 1170 ipsis
2649 1108 2761 1170 ap-

422 1214 606 1288 paret
654 1204 734 1268 de
782 1228 852 1268 re
900 1204 1222 1268 communi
1274 1212 1338 1266 et
1384 1204 1634 1266 incerta
1683 1204 1811 1286 agi.
1867 1202 2077 1268 Etiam
2113 1204 2491 1288 pronomine
2541 1212 2603 1266 et
2651 1202 2761 1266 ad·

421 1320 646 1384 verbio
696 1318 1032 1382 indefinito
1069 1318 1130 1382 id
1168 1326 1462 1404 apparet.
1540 1320 1955 1384 Hermannus
1989 1318 2191 1402 igitur
2223 1318 2365 1382 usui
2398 1318 2763 1402 particulae

422 1438 494 1502 ἄν
542 1436 704 1498 fines
752 1444 816 1498 et
860 1434 1124 1498 latiores
1172 1444 1236 1499 et
1284 1436 1612 1518 certiores,
1663 1458 1857 1522 quam
1909 1456 2135 1500 aecum
2187 1444 2347 1518 erat,
2409 1434 2761 1500 constituit.

424 1550 848 1632 Distinguere
898 1550 1125 1614 debuit
1172 1552 1274 1616 vir
1322 1552 1735 1616 doctissimus
1785 1552 1949 1616 inter
1997 1554 2065 1628 ’ὅς
2115 1560 2177 1615 et
2225 1554 2407 1628 ὅστις.

636 1668 800 1732 Sunt
832 1676 1046 1732 autem
1080 1668 1402 1754 exempla,
1436 1668 1673 1754 quibus
1707 1668 2189 1734 demonstretur.
2215 1666 2541 1752 particula
2571 1668 2645 1734 ἄν
2687 1704 2757 1714 -

422 1784 488 1846 id
538 1784 710 1868 quod
760 1808 960 1870 supra
1008 1784 1146 1848 dixi
1216 1826 1252 1832 -
1312 1784 1801 1870 pronominibus
1851 1784 2269 1850 adverbiisve
2315 1784 2605 1848 relativis
2652 1806 2765 1848 na-

420 1908 628 1964 turam
682 1900 1088 1966 indefinitam
1138 1873 1400 1986 imponi.
1468 1900 1705 1966 Aesch.
1741 1900 1871 1984 Ag.
1907 1902 2037 1966 964
2069 1902 2203 1978 Ζεῦ,
2251 1902 2363 1966 Ζεῦ
2397 1906 2607 1978 τέλειε,
2655 1906 2763 1974 τὰς

422 2018 576 2104 ἐμὰς
622 2016 814 2106 εὒχὰς
860 2024 1036 2084 τέλει.
1080 2018 1090 2106 Ι
1130 2024 1306 2104 μέλοι
1340 2022 1404 2084 δέ
1436 2044 1524 2086 τοι
1566 2026 1663 2086 σοὶ
1709 2034 1937 2104 τῶνπερ
1971 2018 2045 2086 ἂν
2077 2022 2313 2104 μέλλῃς
2359 2022 2563 2082 τελεῖν.
2643 2014 2763 2080 Ch.

426 2134 552 2196 776
586 2138 756 2220 μέλει
786 2140 1020 2200 θεοῖσιν
1052 2136 1244 2220 ὧνπερ
1280 2134 1352 2202 ἂν
1384 2140 1544 2222 μέλῃ
1578 2142 1731 2220 πέρι.
1807 2132 2097 2218 Utroque
2143 2130 2283 2196 loco
2335 2132 2417 2194 de
2465 2154 2535 2194 re
2585 2138 2765 2194 certa

424 2248 660 2332 agitur,
734 2250 932 2330 notin,
1006 2250 1088 2313 ad
1140 2272 1334 2334 quam
1389 2250 1777 2334 pronomina
1833 2250 2223 2330 referuntur,
2293 2256 2565 2332 utroque
2623 2246 2763 2312 loco

424 2364 582 2427 satis
632 2372 812 2429 certa
860 2374 972 2429 cst.
1070 2366 1196 2447 Ag.
1256 2366 1386 2431 964
1436 2364 1961 2453 Clytaemnestra
2017 2364 2097 2429 de
2155 2362 2359 2429 caede
2415 2364 2765 2447 Agamem—

424 2481 632 2565 nome,
684 2481 812 2547 Ch.-
858 2483 982 2547 776
1032 2481 1264 2547 chorus
1314 2483 1394 2547 de
1442 2505 1656 2569 poena
1705 2483 2001 2567 Aegisthi
2051 2483 2315 2565 cogitat.
2377 2483 2499 2547 Res
2549 2489 2765 2547 certae

424 2599 916 2681 pronominibus
966 2597 1246 2663 definitis
1296 2607 1358 2663 et
1388 2597 1626 2665 vocula
1663 2627 1767 2689 περ
1811 2599 2209 2665 confirmatis
2257 2607 2583 2663 notantur.
2633 2597 2761 2661 Sed

424 2715 576 2799 quia
624 2713 756 2777 illic
806 2715 1350 2801 Clytaemnestra,
1418 2715 1522 2779 hic
1580 2715 1815 2783 chorus
1871 2739 2007 2779 rem
2057 2715 2275 2779 verbis
2325 2715 2481 2799 ipsis
2529 2735 2765 2777 memo-

424 2851 570 2891 rare
620 2829 866 2911 nolunt,
916 2831 1102 2915 quasi
1150 2831 1466 2895 incertam
1514 2833 1909 2917 exprimunt.
2003 2833 2225 2913 Quare
2275 2829 2765 2915 pronominibus

428 2944 710 3008 definitis
768 2953 833 3009 et
894 2943 1126 3009 vocula
1188 2971 1296 3033 περ
1364 2947 1759 3009 confirmatis
1827 2949 1899 3015 ἄν
1967 2947 2299 3031 aptissime
2367 2945 2765 3027 adiungitur.

426 3059 662 3123 Aesch.
712 3061 790 3123 fr.
840 3061 992 3143 255,
1058 3061 1226 3125 Eum
1282 3063 1432 3143 211,
1500 3063 1663 3137 ὅστις
1721 3061 1977 3143 legitur.
2075 3061 2219 3141 Quo
2277 3059 2655 3145 pronomine
2705 3067 2773 3123 et

424 3175 564 3259 ipso
614 3175 788 3241 notio
822 3177 1162 3241 indefinita
1194 3185 1484 3259 notatum
1534 3199 1735 3262 quare
1771 3179 1843 3244 ἄν
1877 3177 2183 3241 omissum
2213 3187 2331 3243 est.
2381 3175 2513 3241 Sed
2547 3177 2761 3241 Prom.

424 3291 510 3355 35
568 3295 763 3357 etiam
823 3295 1190 3377 pronomini
1246 3295 1410 3371 ὅστις
1468 3295 1540 3363 ἄν
1602 3293 1897 3358 additum
1959 3301 2073 3377 est,
2139 3293 2417 3357 fortasse
2475 3301 2545 3357 ut
2593 3293 2765 3357 notio

424 3405 618 3491 plane
678 3407 1016 3471 indefinita
1080 3409 1472 3493 respondeat
1534 3411 1781 3473 notioni
1847 3409 2249 3495 indefinitae,
2321 3431 2489 3495 quae
2547 3417 2643 3471 est
2699 3408 2763 3471 in

426 3547 480 3585 e.
530 3523 860 3607 primari0‚
912 3523 1090 3599 ἅπας.
1192 3525 1460 3587 Duobus
1514 3525 1673 3589 locis
1723 3525 1949 3611 Suppl.
2005 3527 2127 3591 129
2175 3526 2341 3589 Eum
2391 3527 2475 3589 33
2527 3523 2607 3587 de
2656 3547 2767 3587 no·-

424 3639 596 3701 tione
646 3639 984 3703 indefinita
1032 3648 1094 3703 et
1140 3639 1430 3723 generali
1478 3641 1713 3723 agitur.
1765 3641 2013 3705 Eadem
2063 3641 2163 3703 vis
2211 3640 2413 3705 altero
2463 3639 2601 3703 loco
2655 3639 2765 3703 ad-

426 3753 650 3819 verbio
694 3753 1030 3817 indefinito
1064 3757 1272 3835 ὁπόθι,
1322 3755 1522 3819 altero
1574 3755 1889 3817 adverbio
1941 3755 2207 3819 definito
2257 3777 2403 3819 cum
2445 3753 2767 3839 particula

428 3871 504 3937 ἄν
554 3869 896 3933 coniuncto
944 3869 1350 3953 significatur
1398 3871 1508 3953 (ὡς
1556 3873 1677 3951 ἄν.)

640 3987 742 4049 De
776 3985 1114 4071 Sophoclis
1148 3983 1462 4071 exemplis
1496 3985 1618 4049 hoc
1652 3985 2025 4051 observavi.
2073 3987 2255 4067 ὅστις,
2305 3995 2377 4049 ut
2409 4005 2765 4071 pronomen

426 4103 854 4185 indefinitum,
926 4125 1180 4187 semper
1244 4125 1388 4165 cum
1464 4103 1881 4167 coniunctivo
1943 4103 2117 4165 nudo
2183 4103 2621 4187 coniunctum,
2693 4105 2767 4171 ἄν

428 4239 748 4303 nusquam
796 4217 1094 4283 additum
1144 4228 1260 4283 est.
1356 4219 1618 4299 Contra,
1683 4219 1797 4283 ubi
1853 4219 2239 4303 pronomina
2287 4217 2391 4281 vel
2449 4217 2767 4281 adverbia

428 4333 750 4417 particula
818 4359 926 4421 περ
1004 4335 1386 4397 confirmata
1462 4333 1787 4419 leguntur,
1865 4333 2023 4419 quia
2101 4335 2359 4399 notione
2435 4333 2767 4397 relationis

428 4449 666 4513 certius
716 4459 938 4515 notata
982 4473 1020 4513 a
1054 4453 1120 4513 vi
1152 4451 1494 4517 indefinita
1542 4451 1799 4535 longius
1849 4451 2103 4537 absunt,
2155 4473 2411 4537 semper
2459 4453 2533 4519 ἄν
2581 4450 2765 4515 addi-
