3327 5013
58 4841 59 4845 ⁴
48 4240 100 4741 *mro-‘-

58 4716 216 4978 ΓΞ-
85 4601 96 4624 -
80 4396 92 4408 .

245 4977 263 4978 l

1556 412 1634 486 19

434 610 738 702 pendeat.
790 614 916 678 Res
966 622 1202 698 autem,
1254 636 1420 700 quae
1468 614 1911 700 praedicatur,
1961 638 2089 678 non
2139 624 2209 678 ut
2255 638 2413 678 vera
2451 610 2775 700 statuitur,

428 732 540 796 sed
592 732 704 816 qui
750 730 926 814 legit,
984 738 1054 794 ut
1102 752 1324 794 veram
1372 750 1626 794 sumere
1677 752 1817 792 eam
1869 729 2147 812 iubetur,
2207 732 2609 814 exspectatio
2659 730 2773 794 ali-

426 848 609 912 cuius
658 848 750 910 rei
800 846 1202 930 exprimitur.
1278 846 1406 910 Ubi
1458 846 1853 910 indicativus
1901 846 2139 930 legitur
2187 846 2269 910 cf.
2321 868 2383 930 p.
2441 848 2521 910 15
2571 848 2767 930 notio,

430 964 512 1026 ad
564 984 756 1048 quam
806 984 1160 1046 pronomen
1197 962 1298 1026 vel
1334 962 1725 1028 adverbium
1773 964 2071 1046 refertur,
2121 962 2371 1026 incerta
2419 970 2537 1046 est,
2585 984 2775 1046 prae-

432 1080 716 1142 dicatum
762 1086 836 1142 ut
884 1100 1108 1142 verum
1158 1078 1478 1140 statuitur.
1576 1076 1707 1140 Ubi
1757 1078 2209 1142 coniunctivus
2255 1086 2605 1162 usurpatus
2655 1088 2771 1162 est,

426 1194 878 1278 praedicatum
924 1202 1214 1276 urgetur,
1264 1214 1474 1278 neque
1507 1202 1576 1256 ut
1608 1214 1833 1256 verum
1867 1194 1983 1256 sed
2017 1200 2085 1256 ut
2115 1192 2527 1278 ‘postulatum
2561 1202 2623 1256 et
2655 1216 2769 1256 ex-

428 1294 790 1394 spectatum
818 1310 1128 1392 scriptum
1152 1316 1264 1370 est.
1318 1308 1538 1388 Quare
1572 1318 1765 1392 poeta
1799 1308 2121 1372 adductus
2157 1308 2607 1392 praedicatum
2639 1330 2769 1370 non

430 1436 500 1490 ut
548 1448 772 1488 verum
822 1424 934 1486 sed
986 1432 1054 1486 ut
1102 1432 1550 1506 exspectatum
1596 1422 1949 1506 scripserit,
1999 1432 2173 1486 certe
2223 1422 2479 1486 definiri
2527 1422 2767 1508 nequit.

428 1542 656 1626 Neque
706 1540 1062 1624 quisquam,
1094 1538 1384 1622 negabit,
1454 1538 1576 1602 hoc
1626 1538 1819 1601 illove
1869 1538 2007 1602 loco
2059 1538 2245 1602 aliter
2293 1562 2435 1602 eum
2487 1540 2771 1624 potuisse

430 1680 564 1720 rem
614 1656 998 1740 exprimere.
1094 1656 1312 1738 Atque
1362 1654 1412 1718 si
1464 1654 1915 1738 praedicatum
1973 1664 2043 1718 ut
2109 1662 2559 1740 exspectatum
2627 1678 2771 1740 pro-

432 1772 782 1852 nuntiatur,
854 1780 1358 1836 consentaneum
1424 1782 1518 1832 cst
1576 1770 1961 1834 sententiam
2011 1770 2387 1854 primariam
2440 1794 2565 1834 non
2617 1783 2771 1834 tem-

430 1890 604 1972 poris
652 1886 988 1972 praeteriti
1040 1908 1198 1948 esse.
1294 1884 1528 1948 Aesch.
1582 1884 1759 1968 Sept.
1811 1886 1939 1948 242
2003 1908 2087 1948 ex
2154 1886 2391 1948 aoristo
2463 1908 2771 1970 praesens

430 2004 776 2088 petendum
828 2010 948 2064 est:
1040 2024 1282 2086 „genus
1332 2000 1671 2064 mulierum
1723 2000 2059 2064 molestum
2107 2002 2261 2064 est.“
2363 2000 2545 2064 Idem
2595 2002 2773 2064 cadit

321 2100 324 2102 ’
426 2120 488 2180 in
542 2118 738 2202 soph.
790 2118 898 2180 Tr.
956 2116 1124 2180 1008
1172 2116 1390 2202 (perf.)

642 2232 772 2296 Sed
822 2232 903 2296 de
950 2230 1142 2295 modo
1192 2232 1332 2316 ipso
1382 2232 1831 2316 quaerendum
1881 2240 1993 2294 est.
2045 2230 2150 2294 Ad
2201 2232 2651 2316 praedicatum
2701 2240 2771 2294 ut

428 2358 880 2432 exspectatum
926 2348 1062 2410 sive
1110 2346 1502 2430 postulatum
1563 2346 2070 2428 significandum
2139 2348 2591 2412 coniunctivus
2659 2348 2769 2412 ad-

428 2462 666 2527 hibitus
716 2472 828 2527 est.
882 2462 1350 2527 Coniunctivus
1398 2462 1611 2525 nudus
1662 2470 1757 2525 est
1805 2462 1980 2547 apud
2037 2462 2433 2551 Aeschylum
2483 2464 2541 2547 7,
2591 2464 2769 2549 apud

428 2579 814 2665 Sophoclem
840 2579 920 2641 18
946 2577 1134 2659 locis;
1170 2577 1490 2663 particula
1516 2581 1590 2645 ἄν
1624 2577 1925 2661 apposita
1959 2585 2055 2641 est
2089 2577 2263 2661 apud
2291 2579 2687 2667 Aeschylum
2707 2583 2769 2659 6,

426 2677 602 2783 apud
652 2695 856 2779 Soph.
886 2699 968 2759 59
1016 2693 1192 2757 lociS.
1248 2693 1348 2757 De
1396 2693 1462 2755 vi
1512 2715 1592 2757 ao
1639 2703 1875 2757 natura
1909 2693 2321 2757 'coniunctivi
2373 2695 2589 2757 dicere
2641 2717 2765 2759 non

426 2833 636 2875 meum
686 2819 802 2873 est.
900 2809 1028 2871 Sed
1076 2831 1382 2873 mensura
1428 2809 1903 2873 metiendumst.
2001 2809 2135 2873 Diu
2191 2809 2511 2873 mehercle
2561 2811 2623 2871 in
2675 2819 2769 2873 tot

424 2937 688 3011 tamque
738 2923 1012 2987 diversis
1060 2923 1396 2985 sententiis
1444 2925 1729 2987 virorum
1783 2925 2119 2987 doctorum
2181 2923 2475 3005 legendis
2523 2924 2767 2987 intelle-

426 3041 658 3125 gendis
724 3039 1180 3103 examinandis
1248 3037 1588 3105 desudavi.
1687 3037 2221 3101 Probabilissima
2287 3037 2441 3101 mihi
2503 3039 2767 3125 quidem

426 3153 908 3221 Delbrueckius
976 3153 1342 3239 disputasse
1410 3153 1687 3217 videtur.
1785 3153 1899 3217 llle
1963 3155 2211 3237 optima
2257 3153 2365 3217 via
2413 3155 2765 3239 profectus,

428 3275 580 3337 dum
628 3273 692 3335 in
742 3293 928 3335 usum
976 3269 1372 3334 coniunctivi
1406 3279 1470 3333 et
1502 3269 1775 3353 optativi
1809 3269 2095 3355 inquirit-3
2147 3271 2257 3355 qui
2303 3271 2371 3333 in
2415 3271 2763 3335 enuntiatis

426 3387 752 3473 primariis
822 3395 1158 3471 appareat,
1232 3387 1296 3449 in
1366 3387 1781 3449 coniunctivo
1839 3395 1901 3449 et
1957 3385 2247 3471 optativo
2315 3387 2447 3449 vim
2505 3385 2767 3449 volendi

424 3503 634 3565 inesse
684 3499 1034 3579 contendit,
1082 3499 1146 3561 iu
1198 3501 1610 3565 coniunctivo
1658 3501 2057 3565 voluntatem
2107 3469 2765 3585 exspectationeadi-

424 3617 722 3703 piscendi
754 3615 1140 3701 praeditam,
1189 3615 1252 3677 in
1289 3615 1578 3699 optativo
1612 3615 2007 3679 voluntatem
2045 3615 2159 3679 illa
2191 3617 2253 3679 vi
2289 3639 2415 3679 non
2451 3639 2767 3701 expressa

422 3733 462 3795 i.
514 3755 568 3795 e.
620 3731 1036 3815 optationem.
1108 3729 1528 3811 (Conferatur
1584 3740 1845 3815 praeter
1891 3729 2145 3813 Delbr.‚
2217 3753 2413 3815 quam
2477 3731 2763 3815 laudavi,

424 3845 1026 3911 commentationem
1090 3845 1378 3909 eiusdem
1448 3845 1725 3909 Grundl.
1779 3845 1839 3907 d.
1893 3845 2007 3909 Gr.
2061 3845 2247 3931 Synt.
2299 3847 2565 3909 Forsch.
2617 3847 2763 3929 IV).

426 3963 716 4049 Uterque
766 3969 982 4025 autem
1032 3959 1260 4025 modus
1310 3961 1504 4023 etiam
1552 3961 1967 4025 affirmationi
2021 3961 2337 4025 inservire
2387 3971 2615 4047 potest,
2675 3965 2767 4027 ita

424 4087 492 4141 ut
540 4077 991 4141 coniunctivus
1058 4076 1288 4141 modus
1346 4075 1719 4161 voluntatiS,
1789 4077 2341 4161 exspectationem
2393 4087 2587 4161 notet,
2653 4103 2763 4165 op-

424 4193 686 4275 tativus„
744 4193 972 4256 modus
1022 4191 1390 4277 optationis,
1450 4215 1584 4255 rem
1632 4193 1977 4275 significet,
2039 4215 2205 4277 quae
2253 4215 2469 4257 merae
2519 4197 2763 4279 cogita-

422 4309 614 4373 tionis
662 4315 774 4371 est.
835 4309 1020 4373 Haec
1070 4309 1430 4393 disputavit
1478 4307 1982 4373 Delbrueckius.
2045 4309 2517 4374 Coniunctivus
2565 4311 2763 4393 igitur

422 4421 506 4487 ad
556 4431 776 4487 nostra
822 4423 1126 4507 exempla
1174 4423 1545 4507 aptissimus
1594 4433 1711 4487 est.
1763 4447 1823 4487 v.
1873 4425 2105 4491 Aesch.
2159 4423 2333 4511 Sept.
2385 4427 2513 4491 242
2557 4449 2619 4510 p.
2655 4429 2759 4491 23.
