3327 5013
1759 401 1841 473 16

626 604 865 690 ubique
915 604 1262 670 monstrari
1310 612 1540 690 potest.
1601 603 1925 690 Pleraque
1976 605 2316 671 enuntiata
2362 614 2597 672 natura
2643 615 2706 671 et
2752 606 2970 672 indole

624 722 713 784 ita
747 732 1127 806 comparata
1161 723 1327 806 sunt,
1370 732 1443 786 ut
1475 720 1931 806 praedicatum
1966 721 2148 805 quasi
2183 744 2413 786 verum
2445 722 2583 786 sine
2617 724 2967 788 offensione
3022 751 3028 755 ·

622 839 787 902 sumi
823 840 1041 922 possit.
1093 838 1347 902 Etenim
1396 860 1531 902 rem
1580 837 1775 924 plane
1822 846 2063 923 notam,
2112 836 2505 922 generalem,
2556 862 2962 905 communem

622 954 971 1038 continent,
1045 976 1238 1038 quam
1305 975 1529 1018 veram
1593 975 1733 1017 esse
1802 974 1991 1037 posse
2054 975 2310 1037 semper
2375 952 2591 1017 multis
2648 954 2966 1040 exemplis

620 1070 1063 1134 demonstrare
1113 1070 1276 1135 licet.
1372 1069 1473 1133 De
1535 1067 1860 1132 nonnullis
1908 1067 2066 1132 locis
2114 1067 2279 1133 haec
2326 1068 2438 1132 illa
2486 1068 2641 1132 addi
2692 1078 2963 1153 possunt

622 1208 677 1248 o.
713 1208 775 1266 g.
813 1186 1023 1248 Proin.
1061 1184 1208 1270 258,
1244 1185 1372 1249 279
1422 1183 1600 1269 Sept.
1656 1186 1711 1249 1.
1762 1183 1944 1260 Eum¹
1979 1184 2126 1250 317.
2182 1184 2304 1266 Ag.
2351 1183 2497 1248 786.
2550 1183 2775 1268 Suppl.
2813 1186 2961 1250 386.

622 1300 739 1364 Ch.
801 1304 921 1364 110
967 1301 1286 1364 sententia
1333 1300 1691 1363 communis
1742 1298 1869 1362 dici
1922 1308 2130 1384 potest
2180 1299 2259 1362 dc
2317 1299 2589 1384 singulis
2648 1300 2962 1384 personi8‚

618 1438 785 1500 quae
837 1416 1029 1498 paulo
1079 1422 1226 1476 ante
1277 1413 1495 1477 dictae
1544 1423 1693 1477 sunt
1742 1412 1843 1475 vcl
1895 1413 2087 1498 paulo
2139 1424 2282 1498 post
2332 1416 2764 1481 nominantur.
2841 1415 2960 1478 Re-

620 1532 957 1614 poriuntur
1007 1552 1097 1592 ce.
1149 1551 1257 1613 rr„
1306 1528 1544 1613 quibus
1593 1551 1761 1613 quae
1812 1529 2131 1592 sententia
2180 1532 2563 1609 continetur,
2615 1530 2799 1594 alteri
2851 1553 2959 1615 op-

620 1648 829 1730 posita
863 1648 961 1708 sit.
1017 1646 1214 1710 Cuius
1252 1643 1677 1729 oppositionis
1712 1643 1889 1708 clare
1924 1645 2422 1727 cognoscendae
2457 1668 2656 1709 causa
2688 1647 2960 1709 fortasse

618 1762 1071 1846 praedicatum
1121 1769 1189 1824 ut
1236 1782 1466 1838 verum⁸
1509 1768 1818 1824 statutum
1867 1768 1983 1848 est.
2059 1760 2182 1843 Ag.
2240 1761 2407 1825 1028
2456 1763 2959 1850 ἀρχαιοπλοὺτων

618 1884 1013 1946 δεσποτῶν-οῗ
1059 1878 1129 1944 δ’.
1180 1879 1306 1961 Ag.
1342 1877 1467 1942 837
1516 1885 1583 1944 τὸ
1618 1885 1726 1965 μὲν
1758 1882 1969 1963 καλῶς
2003 1878 2305 1965 ἔχον-ὅτῳ
2339 1880 2403 1942 δὲ
2437 1929 2450 1942 .
2487 1930 2500 1943 .
2537 1930 2550 1943 .
2608 1877 2794 1942 Eum.
2829 1878 2959 1942 579
3032 1868 3067 1967 ἡ.

618 1998 699 2062 ὧν
749 1998 911 2084 ἔχεις
949 2048 961 2060 .
997 2048 1009 2060 .
1047 2048 1059 2058 .
1093 1998 1262 2060 τοῦδε
1309 2001 1682 2081 πράγματος.
1732 1992 1917 2058 Eum.
1970 1994 2097 2057 317
2144 1997 2285 2070 τοὺς
2329 1995 2633 2081 μὲν-ὅστις
2672 1994 2744 2059 δ’.
2793 1991 2959 2056 Aliis

618 2110 775 2174 locis
815 2112 979 2174 aliae
1015 2112 1285 2173 fortasse
1334 2131 1570 2173 causae
1619 2118 1787 2175 sunt.
1844 2108 2023 2173 Haec
2072 2109 2223 2173 dum
2276 2108 2542 2193 dissei-0,
2593 2109 2791 2173 velim
2839 2108 2960 2173 hoc

618 2228 845 2292 teneri.
907 2226 1257 2310 Explicare
1307 2225 1546 2308 studui,
1596 2225 1918 2309 quomodo
1968 2225 2065 2286 his
2116 2224 2273 2287 locis
2323 2223 2715 2288 indicativus
2763 2225 2957 2287 facile

618 2352 835 2426 posset
879 2342 1097 2424 scribi,
1150 2339 1351 2424 attuli,
1402 2339 1636 2424 quibus
1671 2339 1867 2403 rebus
1901 2338 2006 2403 hic
2039 2338 2173 2404 illic
2206 2339 2401 2424 poeta
2434 2346 2650 2424 posset
2681 2340 2956 2404 fortasse

618 2458 941 2522 adductus
991 2480 1149 2540 esse,
1198 2466 1269 2522 ut
1315 2455 1492 2521 illum
1535 2455 1799 2521 modum
1834 2457 2222 2541 praeferret:
2271 2478 2396 2520 non
2435 2478 2602 2541 nego
2638 2456 2720 2521 ad
2758 2479 2954 2522 unum

618 2574 885 2639 aliudve
945 2572 1310 2657 exemplum
1370 2583 1628 2657 poetam
1686 2573 1883 2637 alium
1947 2573 2206 2639 modum
2269 2571 2584 2637 adhibere
2649 2574 2982 2656 potuisse:

831 2689 973 2753 Iam
1011 2689 1091 2751 ad
1131 2687 1609 2751 coniunctivum
1644 2697 2071 2751 transeamus
2108 2686 2274 2750 Solis
2309 2686 2478 2750 enim
2510 2686 2573 2750 in
2610 2685 2707 2749 his
2739 2708 2956 2750 exem-

618 2805 739 2891 plis
775 2805 1224 2869 coniunctivus
1258 2802 1514 2887 legitur,
1565 2802 1645 2866 de
1681 2825 1807 2887 quo
1842 2800 2172 2884 agendum
2207 2810 2323 2867 est.
2370 2801 2540 2866 Nam
2572 2802 2638 2865 in
2673 2825 2766 2868 ee.
2793 2805 2955 2867 ruffi

616 2943 743 2985 non
793 2920 1176 2985 necessariis
1223 2918 1678 2983 coniunctivus
1724 2941 1854 2982 non
1903 2924 2120 2981 exstat
2163 2917 2288 2981 nisi
2348 2918 2515 2983 coni.
2575 2917 2831 3002 prohib.
2888 2917 2951 2980 in

616 3037 915 3121 exemplo
965 3033 1329 3122 Aeschyleo
1379 3034 1592 3101 Prom.
1649 3036 1794 3100 743.

831 3151 923 3213 Ut
969 3151 1465 3215 fundamentum
1513 3150 1847 3236 quoddam
1897 3149 2276 3228 subiciatur,
2350 3149 2566 3210 omnia
2630 3147 2953 3232 exempla,

616 3291 783 3351 quae
833 3267 1268 3348 inveniuntur,
1318 3266 1536 3331 statim
1584 3266 1807 3329 affer0.
1902 3262 2224 3347 Exempla
2271 3260 2660 3349 Aeschylea.

829 3383 909 3447 A.
963 3381 1428 3448 Coniunctivus
1474 3382 1690 3445 nudus
1738 3388 1853 3446 est.

831 3499 879 3563 I.
931 3499 1043 3563 Ee.
1095 3521 1202 3582 rr„
1251 3518 1420 3583 quae
1469 3520 1584 3562 suo
1634 3518 1902 3561 munere
1947 3498 2329 3581 funguntur.

837 3617 889 3677 l.
941 3615 1053 3679 Ee.
1101 3635 1211 3698 rr.‚
1258 3635 1426 3699 quae
1474 3635 1515 3679 a
1558 3613 2051 3699 pronominibus
2099 3611 2435 3696 incipiunt.

833 3729 905 3793 E.
956 3730 1332 3815 primarium
1382 3728 1668 3794 continet
1699 3736 1762 3811 a)
1794 3737 2048 3814 tempus
2080 3749 2409 3815 praesens,
2444 3726 2517 3791 E.
2554 3748 2607 3792 r.
2641 3726 2949 3811 sequitur.

616 3849 703 3921 ὅς.
753 3845 918 3911 Eum
967 3847 1117 3911 663.
1211 3843 1537 3909 Aoristum
1594 3844 1968 3928 gnomicum
2016 3846 2264 3928 (ἔσωσεν
2312 3843 2375 3906 in
2426 3865 2480 3908 e.
2530 3842 2773 3927 primo)
2821 3864 2947 3904 non

616 3961 825 4025 habeo
873 3963 937 4023 in
987 3982 1254 4025 numero
1303 3961 1821 4045 praeteritorum.
1871 3962 2055 4038 ὅστις.
2102 3960 2229 4042 frg.
2280 3958 2428 4021 255.
2487 3956 2562 4021 Ε.
2611 3978 2662 4022 r.
2713 3956 2952 4041 prima-

616 4079 711 4141 rio
747 4077 1057 4141 insertum
1093 4084 1204 4142 est.
1246 4079 1426 4153 ὅστις.
1476 4076 1660 4141 Eum.
1696 4078 1847 4141 211.
1894 4077 2029 4142 XO.
2061 4079 2200 4149 τοὺς
2235 4078 2615 4163 μητραλοίας
2648 4072 2718 4139 ἐκ
2750 4074 2952 4159 δόμων

616 4195 965 4281 ἐλαὺνομεν.
1009 4193 1017 4281 1
1069 4194 1207 4258 All.
1254 4201 1307 4259 τί
1354 4199 1468 4279 γὰρ
1517 4201 1797 4276 γυναικὸς
1844 4194 1976 4281 ἥτις
2025 4192 2219 4277 ἄνδρα
2264 4197 2552 4279 νοσφίσῃς
2595 4187 2605 4275 Ι
2655 4187 2792 4252 ΧΟ.
2841 4186 2953 4255 οὒκ

620 4311 695 4377 ἃν
737 4309 961 4393 γένοιθ’
1013 4311 1275 4397 ὅμαιμος
1324 4306 1628 4398 αὐθέντης
1679 4318 1878 4399 φόνος.
1926 4304 2336 4370 Vocabulum
2386 4314 2570 4395 φόνος
2616 4304 2837 4366 eiusve
2871 4304 2951 4365 si-

618 4423 767 4487 mile
831 4425 915 4489 ad
975 4424 1347 4505 genetivum
1407 4432 1690 4509 γυναικὸς
1752 4422 2188 4508 supplendum
2258 4431 2355 4484 est
2414 4442 2449 4484 e
2510 4419 2949 4514 sequentibus-
