3327 5013
1638 410 1681 472 9

480 604 608 666 vim
656 604 790 666 fere
840 604 1308 666 coniunctionis
1358 604 1636 668 causalis
1686 602 1905 684 habet,
1957 580 2103 664 cum
2157 602 2429 668 vocibus
2479 602 2589 666 Ζεῦ
2631 608 2811 686 πάτερ

476 718 858 800 conectitur,
930 728 998 780 ut
1062 720 1332 782 affectus
1396 718 1634 782 doloris
1695 722 2015 806 (ᾤμωξεν),
2085 716 2195 802 qui
2259 716 2423 778 inest
2483 716 2545 778 in
2595 716 2815 778 verbis

472 832 616 914 illis,
666 834 882 896 statim
930 832 1310 918 explicetur.
1408 834 1590 896 Idem
1638 834 1791 898 fort.
1841 832 2017 896 cadit
2065 832 2129 894 in
2181 830 2307 896 Od.
2357 858 2399 898 π
2449 832 2595 894 364.

684 950 822 1012 Iam
872 950 1046 1014 aliud
1098 952 1374 1032 accedit,
1426 974 1550 1036 quo
1602 952 1833 1014 iterum
1881 952 2241 1034 iterumque
2293 970 2613 1034 apparere
2663 948 2815 1010 mihi

470 1064 730 1128 videtur
788 1090 880 1130 ee.
940 1088 1048 1148 rr.,
1124 1066 1204 1130 de
1272 1066 1506 1152 quibus
1574 1066 1809 1148 agi-tur,
1883 1066 2157 1150 pristina
2224 1064 2485 1150 quidem
2553 1062 2813 1146 linguae

470 1190 678 1243 aetate
726 1192 796 1244 ut
844 1181 1350 1246 exclamationes
1382 1182 1663 1268 (Typus)
1707 1190 2023 1264 concepta
2073 1202 2197 1242 non
2247 1202 2407 1244 esse.
2459 1178 2613 1260 Noe,
2665 1202 2811 1242 cum

470 1296 954 1358 consideramus
1004 1296 1308 1380 exempla
1356 1320 1550 1394 iserae
1584 1296 2101 1378 exclamationiS,
2151 1294 2371 1380 qualia
2419 1304 2597 1358 sunt:
2651 1294 2811 1358 Was

468 1418 712 1490 sagtest
772 1412 858 1474 du
918 1412 1036 1474 da!
1116 1422 1292 1474 certe
1362 1420 1815 1496 exspectamus
1885 1412 2173 1476 Graecos
2246 1410 2401 1472 locis
2469 1410 2809 1492 similibuS,

468 1526 644 1610 quia,
694 1548 1086 1612 quamquam
1140 1550 1356 1592 merae
1390 1529 1933 1612 interrogationes
1969 1550 2093 1590 non
2131 1536 2299 1610 sunt,
2347 1540 2565 1590 tamen
2621 1526 2809 1590 inter-

466 1642 876 1722 rogationum
924 1644 1166 1706 similes
1210 1652 1378 1730 sunt,
1448 1668 1574 1708 non
1642 1656 1775 1708 tam
1839 1644 2223 1728 pronomina
2280 1642 2557 1706 relativa
2615 1666 2811 1728 quam

466 1756 940 1840 interrogativa
986 1760 1426 1844 usurpavisse.
1478 1760 1695 1844 Atque
1743 1782 1813 1822 re
1863 1782 2019 1822 vera
2069 1758 2229 1822 haec
2279 1758 2665 1842 pronomina
2715 1758 2807 1822 in-

466 1874 834 1940 veniuntur.
928 1876 1097 1940 Nam
1144 1876 1456 1940 Kuehner
1504 1878 1570 1962 (l.
1620 1878 1691 1964 l.)
1741 1886 1933 1960 errat,
1999 1898 2147 1940 cum
2195 1874 2353 1938 dicit
2403 1874 2693 1938 Graecos
2741 1876 2807 1936 in

466 1990 1048 2056 exclamationibus
1106 1992 1312 2056 solum
1370 1994 1755 2078 pronomina
1813 1992 2095 2058 relativa
2141 1992 2583 2075 usurpavisse.
2681 1986 2807 2054 Od.

464 2110 518 2190 β.
546 2106 694 2172 2412.
728 2108 982 2194 Μέντορ,
1022 2112 1342 2198 ἀταρτηρὲ,
1378 2118 1602 2200 φρένας
1634 2110 1779 2198 ἠλεὲ
1811 2124 1977 2176 ποῖον
2011 2112 2227 2184 ἔειπες,
2271 2108 2279 2194 Ι
2321 2108 2521 2196 ἡμέας
2547 2108 2807 2192 ὀτρὺνων

462 2230 886 2310 καταπαὺεμεν
936 2234 1056 2290 etc.
1110 2226 1200 2286 Re
1254 2248 1408 2288 vera
1458 2224 2001 2288 exclamationem
2049 2224 2383 2304 habemuS,
2433 2244 2561 2284 non
2611 2222 2803 2284 inter—

464 2338 890 2418 rogationem.
977 2340 1160 2402 Idem
1210 2340 1386 2404 cadit
1432 2342 1494 2402 in
1550 2340 1673 2404 Od.
1711 2368 1751 2406 o.
1793 2342 1877 2404 64
1907 2348 2113 2406 τέκνον
2147 2340 2311 2426 ἐμὸν,
2362 2348 2529 2404 ποῖόν
2563 2364 2629 2402 σε
2663 2340 2805 2412 ἔπος

464 2458 642 2541 <pb-{ev
690 2455 868 2541 ἕρκος
916 2458 1168 2523 ὀδόντων
1220 2456 1300 2523 cf.
1352 2484 1378 2523 s
1430 2460 1506 2521 21
1560 2484 1590 2523 τ
1638 2458 1767 2521 492
1811 2482 1845 2541 γ
1887 2458 2017 2523 230
2050 2480 2089 2545 φ
2131 2456 2251 2519 168
2289 2462 2326 2543 ψ
2365 2452 2556 2519 7011.
2591 2454 2639 2519 Δ
2675 2454 2805 2517 350

466 2569 512 2631 Ξ
564 2571 646 2631 83
694 2571 756 2635 Α
804 2573 924 2635 551
982 2575 1252 2639 αἰνότατε
1302 2575 1591 2663 Κρονίδη,
1663 2587 1829 2639 ποῖον
1875 2581 1975 2639 τὸν
2031 2579 2229 2661 μῦθον
2286 2575 2497 2647 ἔειπες.
2577 2575 2625 2637 Θ
2675 2573 2805 2635 462

466 2685 512 2747 Ξ
548 2687 678 2749 330
711 2689 760 2751 0
798 2689 920 2751 351
964 2689 1050 2753 'A
1098 2695 1302 2769 δεῖλοὶ,
1352 2699 1404 2755 τί
1450 2699 1642 2757 κακὸν
1691 2695 1825 2757 τοδε
1873 2697 2163 2777 πάσχετες
2215 2697 2377 2757 νυκτὶ
2425 2697 2532 2775 μὲν
2571 2687 2799 2775 ὑμέωνί,

462 2798 732 2865 εἰλὺαται
766 2807 1032 2891 κεφαλαί
1066 2855 1080 2867 .
1114 2857 1126 2869 .
1162 2857 1192 2875 ‚f
1216 2805 1534 2869 Dubitare
1570 2827 1909 2891 possumus
1947 2805 2133 2867 hicne
2169 2803 2457 2869 verba‘ct
2485 2811 2677 2869 κακὸν
2703 2855 2717 2867 .
2747 2855 2758 2865 .
2789 2855 2801 2867 .

460 2923 530 2973 ut
578 2913 998 2997 interrogatio
1046 2919 1542 3003 interpretanda
1588 2923 1735 2985 sint.
1833 2921 2003 2983 Nam
2051 2919 2291 2983 malum
2339 2917 2495 2981 illud
2559 2919 2633 2999 is,
2692 2917 2801 3003 qui

462 3025 762 3115 loquitur,
812 3033 1026 3095 statim
1074 3035 1212 3119 ipse
1262 3037 1528 3119 exponit
1578 3037 1663 3101 cf.
1711 3053 1837 3113 πῶς
1889 3036 1961 3101 11.
2015 3039 2061 3099 Ω
2113 3037 2259 3099 519.
2347 3033 2449 3097 Ab
2501 3033 2595 3097 his
2645 3055 2801 3097 sane

460 3147 844 3231 seiungendi
880 3161 1028 3213 sunt
1058 3151 1202 3235 loci,
1248 3153 1484 3239 quibus
1518 3153 2033 3217 interiectionem
2067 3153 2401 3237 quandam
2437 3153 2577 3221 sive
2611 3175 2801 3215 voca-

460 3261 694 3359 tipnem
732 3287 892 3329 vera
930 3267 1354 3351 interrogatio
1404 3271 1715 3355 sequitur,
1767 3269 1893 3335 Od.
1933 3273 1961 3345 ξ
1997 3271 2081 3333 25
2113 3277 2161 3335 θ
2201 3271 2323 3331 152
2357 3295 2389 3335 ο
2423 3269 2551 3331 326
2585 3295 2633 3333 ω
2667 3269 2797 3331 478

458 3377 562 3443 all.
612 3377 678 3443 ll.

674 3495 986 3563 Videmus
1044 3501 1246 3583 igitur
1304 3504 1480 3587 apud
1534 3503 1887 3567 Homerum
1947 3505 2009 3565 in
2063 3503 2139 3565 iis
2189 3501 2559 3581 enuntiatis,
2629 3523 2797 3583 quae

456 3609 962 3677 exclamationes
1030 3617 1252 3679 vocari
1318 3619 1545 3701 solent,
1619 3621 1855 3703 partim
1919 3619 2301 3703 pronomina
2363 3625 2425 3679 et
2479 3613 2797 3679 adverbia

456 3723 732 3791 relativa
782 3731 1002 3811 (etiam
1050 3735 1166 3811 ὅτε,
1218 3735 1368 3815 ἐπεὶ)
1418 3735 1658 3819 partim
1709 3735 2177 3817 interrogativa
2227 3743 2505 3795 exstare.
2579 3733 2795 3815 Atque

456 3863 606 3903 usus
656 3845 1108 3927 pronominum
1158 3861 1220 3911 et
1266 3849 1731 3913 adverbiorum
1779 3849 2399 3933 interrogativorum
2459 3847 2619 3909 satis
2669 3845 2795 3907 late

456 3965 648 4039 patet.
748 3959 966 4039 Quare
1016 3963 1082 4025 in
1132 3963 1228 4025 his
1278 3963 1542 4049 quidem
1590 3965 2007 4047 carminibuS,
2059 3965 2213 4049 quia
2261 3971 2515 4027 constat
2559 3961 2789 4023 Home-

454 4093 596 4135 rum
662 4079 1046 4158 pronomina
1106 4079 1382 4145 relativa
1430 4093 1492 4143 et
1540 4081 2019 4163 interrogativa
2073 4103 2201 4143 non
2263 4079 2635 4141 discrimine
2687 4099 2791 4139 ne-

452 4187 664 4271 glecto
714 4193 1068 4277 miscuisse,
1118 4198 1562 4261 contenderim
1606 4197 1885 4283 duplicis
1921 4197 2235 4259 sermonis
2271 4197 2477 4259 forma
2513 4193 2791 4277 duplicis

452 4327 676 4369 sensus
728 4309 1002 4393 vestigia
1050 4315 1364 4395 patefieri.
1460 4313 1687 4399 Neque
1755 4313 1925 4377 enim
1993 4335 2159 4395 nego
2219 4311 2395 4397 apud
2443 4311 2789 4393 scriptores

452 4421 824 4505 posterioris
874 4427 1102 4489 aetatis
1152 4431 1332 4511 duas,
1396 4453 1560 4515 quas
1612 4429 1949 4515 descripsi,
1999 4429 2375 4511 locutioneS,
2425 4427 2477 4489 si
2527 4425 2787 4511 quidem
