3327 5013
1623 384 1790 490 124‘

491 602 663 665 enim
696 602 844 687 loci,
892 610 964 666 ut
994 609 1291 687 apparet,
1335 600 1499 664 alter
1530 600 1725 664 simili
1757 602 1949 665 modo
1984 600 2248 666 alterius
2281 601 2570 665 consulto
2603 601 2830 667 structi

490 726 659 782 sunt.
707 717 980 800 Legitur
1026 724 1242 781 autem
1296 718 1463 781 1002
1511 717 1646 782 ΧΟ.
1697 715 2056 780 Nonnullos
2104 737 2345 798 eorum,
2395 716 2507 801 qui
2554 718 2831 801 profecti

490 841 661 912 sunt,
712 832 1157 917 desideramus
1205 835 1444 922 ἔταφον,
1494 834 1717 923 ἔταφον
1759 837 1768 913 Ι
1810 831 1922 900 οὒκ
1970 834 2124 922 ἀμφὶ
2166 845 2418 930 σκηναῖς
2461 833 2470 921 Ι
2510 839 2828 924 τροχηλά-

488 974 672 1016 τοισιν
705 952 918 1016 ὄπιθεν
952 948 1065 1031 (Μ.
1103 950 1375 1027 ὄπισθεν,
1412 969 1577 1012 corr.
1611 946 1910 1029 Bothius)
1946 949 2243 1036 ἑπόμενοι.
2298 946 2559 1032 „Miror,
2609 948 2827 1031 miror,

489 1086 619 1128 non
668 1063 906 1128 adsunt
952 1062 1044 1126 illi
1089 1071 1152 1126 te
1207 1064 1609 1148 sequente8.“
1708 1062 1991 1147 XerxeS‚
2057 1076 2128 1127 ut
2188 1062 2311 1128 hoc
2372 1063 2707 1126 confirmet
2765 1072 2830 1128 et

490 1179 796 1264 explicet,
851 1180 1096 1264 pergit:
1170 1178 1381 1265 „(Non
1429 1180 1759 1268 secuntur)
1816 1201 1967 1243 nam
2016 1179 2366 1264 perierunt,
2437 1179 2828 1275 quicumque

491 1295 690 1359 duces
739 1297 960 1359 erant“
1014 1300 1224 1380 βεβᾶσι
1271 1300 1386 1381 γὰρ
1435 1296 1602 1381 οἵπερ
1653 1296 1905 1381 ἀγρόται
1951 1306 2226 1382 στρατοῦ.
2313 1293 2565 1359 Chorus
2612 1294 2828 1359 statim

491 1411 655 1474 haec
701 1410 933 1494 recipit
979 1416 1241 1495 βεβᾶσιν,
1290 1413 1366 1489 οἴ,
1417 1418 1694 1497 νώνυμοι.
1744 1410 1870 1492 Ag.
1912 1412 2083 1475 1230
2132 1410 2510 1475 Cassandra
2558 1409 2638 1474 de
2674 1410 2824 1498 Cly-

491 1534 884 1590 taemnestra
918 1525 1096 1590 dicit.
1131 1533 1185 1592 τί
1222 1552 1306 1594 νιν
1337 1531 1621 1593 καλοῦσα
1653 1529 1937 1615 δυσφιλὲς
1972 1529 2159 1602 δάκος
2201 1526 2210 1613 Ι
2251 1528 2493 1614 τὺχοιμ”
2520 1528 2611 1594 ἄν·
2639 1528 2829 1617 ἀμφί-

488 1649 754 1728 σβαιναν,
803 1644 842 1731 ἢ
884 1627 1165 1710 Σκὺλλαν
1210 1648 1340 1710 τινὰ
1381 1642 1390 1727 Ι
1432 1642 1717 1710 οἰκοῦσαν
1749 1643 1809 1710 ἐν
1842 1650 2140 1728 πετραισι;
2189 1647 2481 1710 ναυτίλων
2531 1642 2823 1731 βλάβην,Ι

446 1829 449 1832 ⁴
490 1739 1019 1826 θὺοοσανθΑιδοο
1037 1759 1244 1849 μητέρ’
1278 1760 1573 1826 ἄσπονδόν
1604 1759 1654 1824 τ’
1676 1758 1846 1847 νΑρη
1888 1757 1899 1846 Ι
1940 1763 2137 1848 φίλοις
2171 1766 2493 1835 πνὲουσαν;
2546 1759 2629 1834 ὡς
2662 1759 2825 1824 δ’ἐπ-

488 1864 838 1950 ωλολὺξατο
888 1874 979 1965 Ιή
1043 1881 1477 1964 παντότολμος,
1541 1854 1762 1962 ὥσπερ·
1816 1875 1876 1942 ἐν
1943 1882 2153 1963 μάχης
2207 1887 2418 1961 τροπῇ.
2471 1874 2481 1959 Ι
2536 1878 2701 1957 δοκεῖ
2762 1878 2826 1940 δὲ

488 2003 721 2079 χαίρειν
752 1998 1028 2078 ’νοστίμῳ
1076 1999 1364 2081 σωτηρία.
1456 1990 1601 2054 Hoc
1655 1990 1797 2053 loco
1846 1992 1929 2066 ὡς
1976 2012 2105 2053 non
2154 1988 2657 2054 exclamativum
2708 2000 2827 2074 est,

461 2106 603 2170 ’sed
653 2107 822 2192 quod
876 2129 1068 2170 sensu
1117 2106 1480 2190 colligatur,
1551 2107 1758 2171 verba
1807 2108 1890 2183 ὡς
1938 2109 1989 2172 δ’
2037 2116 2159 2172 etc.
2218 2107 2461 2191 scripta
2520 2116 2687 2188 sunt,
2759 2114 2829 2170 ut

489 2223 827 2307 superiora
860 2223 1322 2286 confirmentur
1354 2235 1415 2284 et
1449 2222 1874 2306 explicentur.
1931 2222 2254 2305 Imprimis
2289 2232 2503 2285 autem
2530 2230 2829 2305 spectant

490 2337 576 2401 ad
625 2338 831 2402 verba
876 2346 1502 2417 θὺοοσαν-πνεουσαν,
1566 2336 1680 2401 ubi
1730 2336 2251 2425 Clytaemnestra
2300 2336 2536 2401 bellum
2588 2337 2828 2401 inferre

492 2454 845 2518 carissimis
895 2454 1153 2520 dicitur.
1249 2453 1543 2539 (Certum
1590 2462 1687 2518 cst
1733 2452 1902 2517 enim
1953 2452 2446 2518 Raulinsoniani
2487 2454 2659 2545 Ἀρη
2710 2464 2827 2538 pro

489 2569 800 2634 librorum
849 2574 1049 2657 ἀρὰν.)
1097 2571 1327 2654 Itaque
1382 2569 1728 2651 llartungii
1777 2570 2150 2632 coniectura
2197 2570 2280 2643 ὡς
2311 2571 2363 2652 γ’
2396 2570 2505 2652 (ὡς
2541 2567 2826 2653 causale)

488 2707 616 2748 non
676 2683 1124 2780 improbabilis
1182 2691 1296 2765 est,
1365 2682 1486 2745 nisi
1545 2659 1853 2749 mavis&³
1903 2681 2138 2747 delere.
2234 2681 2362 2746 Sed
2421 2683 2694 2746 fortasse
2743 2684 2826 2758 ὡς

378 2875 385 2880 ,
490 2800 611 2865 hoc
658 2800 796 2863 loco
847 2800 1041 2885 plane
1091 2799 1670 2863 demonstrativum
1721 2807 1837 2883 est,
1906 2801 2016 2876 ὦςς
2079 2803 2144 2864 δὲ
2201 2813 2418 2863 autem
2474 2798 2568 2863 sic
2614 2799 2826 2862 minus

490 2917 829 2980 offensioni
876 2924 991 2983 est.
1040 2916 1365 2999 Adiungit
1413 2914 1780 3004 Aeschylus
1830 2914 2163 2979 enuntiata
2212 2915 2532 2999 particula
2579 2919 2664 2994 δε,
2715 2914 2827 2978 ubi

490 3055 606 3096 nos
654 3055 896 3096 nexum
943 3033 1275 3098 causalem
1323 3033 1603 3117 exprimi
1650 3041 2127 3117 exspectamus,

706 3148 906 3233 Apud
953 3148 1352 3236 Aeschylum
1405 3149 1790 3233 pronomina
1849 3156 1912 3211 et
1972 3147 2292 3212 adverbia
2354 3148 2827 3229 interrogativa

490 3264 556 3326 in
622 3264 1209 3329 exclamationibus
1278 3287 1405 3328 non
1479 3274 1739 3328 exstare
1811 3262 2137 3328 videntur.
2232 3260 2397 3325 Nam
2450 3262 2625 3327 Pers,
2678 3263 2825 3345 798,

489 3379 602 3442 ubi
651 3379 925 3463 legimus
973 3396 1100 3457 πῶς
1149 3382 1319 3456 εἶπας
1369 3388 1542 3442 certe
1589 3379 1689 3440 vis
1737 3378 2217 3460 interrogativa
2263 3376 2458 3442 valet.
2547 3378 2826 3441 Interro-

491 3497 666 3579 gatio
707 3519 864 3560 sane
897 3518 1042 3560 cum
1075 3494 1506 3559 admiratione
1541 3492 2012 3578 pronuntiatur.
2066 3492 2317 3557 Eadem
2364 3493 2599 3558 locutio
2649 3490 2826 3577 apud

493 3610 878 3696 Sophoclem
926 3611 1185 3695 saepius
1232 3618 1448 3674 exstat
1481 3610 1561 3673 cf.
1596 3608 1698 3673 El.
1730 3608 1882 3693 407,
1925 3612 2114 3675 1220.
2166 3609 2268 3671 De
2302 3608 2621 3693 Sophocle
2655 3630 2827 3671 nunc

492 3727 718 3811 paucis
766 3727 1128 3792 videamus,
1182 3725 1498 3811 Pleraque
1547 3724 1852 3809 exempla
1884 3723 2246 3809 Sophoclea
2293 3725 2583 3788 similiter
2632 3733 2826 3808 atque

491 3845 842 3908 Homerica
884 3852 946 3907 et
976 3842 1350 3931 Aeschylea
1395 3843 1677 3906 formata
1723 3849 1893 3906 sunt⁴
1941 3841 2309 3905 Interiectio
2362 3840 2600 3904 doloris
2649 3837 2827 3907 velut

490 3974 705 4039 παπαῖ,
755 3963 936 4048 οἴμοι,
996 3968 1115 4025 etc.
1167 3981 1363 4043 saepe
1407 3958 1760 4041 antecedit,
1820 3958 1907 4022 ad
1956 3980 2151 4042 quam
2198 3980 2251 4020 e.
2303 3977 2354 4019 r.
2404 3977 2471 4017 se
2520 3953 2825 4039 applicet,

492 4077 616 4151 οἷος
677 4074 840 4140 Phil.
901 4077 1026 4140 786
1085 4074 1202 4140 ΟΒ
1264 4076 1429 4140 1317
1490 4073 1606 4140 OC
1674 4077 1840 4140 1399
1897 4073 2007 4137 Tr.
2074 4072 2241 4136 1206
2308 4072 2473 4134 1203
2536 4071 2638 4134 Ai.
2698 4071 2824 4134 367

492 4191 623 4256 944
689 4192 772 4267 ὡς
838 4191 943 4256 Ai.
1009 4192 1140 4255 354
1203 4191 1330 4255 587
1402 4191 1571 4255 1266
1637 4191 1789 4254 Ant.
1850 4190 1933 4252 82
1991 4188 2122 4251 320
2178 4186 2276 4251 ΕΙ.
2335 4188 2466 4252 920
2523 4184 2641 4249 OR
2698 4186 2827 4249 316

496 4309 645 4370 Ant.
688 4308 873 4371 1270.
946 4307 1327 4391 Praeposita
1375 4315 1470 4370 est
1519 4304 1906 4369 exclamatio
1954 4305 2001 4370 ὦ
2033 4308 2264 4396 τλῆμον
2313 4302 2533 4365 eiusve
2580 4300 2826 4383 similis,

494 4446 660 4508 quae
708 4422 1076 4507 explicatur
1128 4423 1239 4489 Αἱ.
1264 4425 1387 4487 641
1427 4425 1474 4489 ὦ
1507 4428 1740 4512 τλᾶμον
1773 4427 1981 4507 πάτερ,
2016 4420 2248 4488 οἵανσε
2280 4427 2439 4508 μένει
2472 4415 2822 4505 ποθέσθαιΙ
