3327 5013
1755 402 1843 470 20

842 596 1210 686 Praeterea,
1258 600 1372 666 ubi
1406 602 1859 666 coniunctivus
1901 610 2275 686 usurpatur,
2325 602 2415 666 1111
2463 610 2755 688 1011111010
2795 612 2977 668 00110

626 718 922 802 neglecto
974 718 1054 782 de
1104 726 1299 798 statu,
1370 718 1642 800 ratione,
1715 716 2029 802 qualitate
2095 718 2301 782 solum
2367 718 2641 782 aetionis
2711 718 2973 784 dicitur.

628 832 1090 918 Impugnanda
1122 842 1336 898 autem
1372 842 1468 898 est
1500 834 1825 898 sententia
1873 855 2113 920 eorum,
2163 832 2275 918 qui
2325 834 2737 898 coniunctivo
2787 856 2975 920 prae-

626 950 824 1014 sentis
874 958 938 1014 et
986 950 1210 1014 aoristi
1260 950 1590 1016 diversum
1638 948 1945 1034 temporis
1981 958 2291 1034 punctum
2327 948 2687 1032 significari
2720 958 2973 1034 putant.

626 1066 966 1150 Temporis
1014 1066 1210 1152 notin,
1256 1066 1650 1150 ubicumque
1701 1064 1781 1128 de
1831 1066 2243 1130 coniunctivo
2293 1066 2529 1150 agitur,
2581 1066 2839 1130 omuino
2873 1088 2971 1130 re-

626 1182 954 1246 movenda
1000 1190 1114 1246 est.
1164 1182 1422 1246 Etenim
1470 1190 1691 1248 notum
1739 1190 1835 1246 est
1881 1180 2235 1246 indicativo
2269 1181 2671 1266 potissimum
2715 1190 2973 1266 tempus

624 1298 1000 1382 significari.
1100 1298 1322 1378 Quare
1380 1298 1574 1382 locos,
1642 1296 1877 1382 quibus
1933 1296 2097 1362 00111.
2149 1318 2383 1382 praes„
2447 1296 2533 1362 ab
2583 1298 2681 1382 iis,
2731 1298 2971 1384 quibus

628 1414 794 1480 00111.
846 1414 1070 1478 aoristi
1118 1412 1376 1496 legitur,
1424 1436 1553 1476 11011
1602 1412 1927 1498 separavi.
1983 1412 2415 1478 Coniunctivo
2463 1436 2675 1498 praes.
2727 1422 2791 1478 et
2833 1436 2971 1480 aor.

628 1530 926 1594 diversus
974 1528 1250 1594 actionis
1298 1536 1504 1594 status
1552 1528 1757 1594 solum
1807 1538 2085 1594 notatur.
2137 1530 2569 1596 Coniunctivo
2609 1532 2971 1616 praesentis

628 1648 796 1710 actio
846 1646 1034 1732 quasi
1086 1646 1330 1710 durans
1380 1654 1442 1710 et
1488 1646 1849 1732 procedens
1901 1646 2293 1732 depingitur,
2343 1648 2509 1712 00111.
2545 1648 2767 1712 aot-isti
2799 1648 2969 1712 aetio

626 1772 698 1828 ut
746 1764 922 1827 facta.
970 1762 1288 1846 statuitur,
1344 1784 1544 1828 unum
1594 1762 1927 1848 quoddam
1975 1764 2285 1848 temporis
2335 1772 2645 1848 punctum
2695 1764 2971 1828 actionis

627 1878 1052 1960 ingredientis
1086 1878 1224 1941 sive
1260 1886 1564 1962 peractae
1598 1888 1877 1943 notatur.
1929 1878 2119 1960 Quae
2167 1878 2327 1962 dixi,
2377 1880 2603 1962 paucis
2653 1880 2969 1964 exemplis

626 1994 1046 2058 illustrentur.
1144 1994 1326 2060 Coni.
1378 2016 1512 2058 aor.
1566 1994 1801 2060 Aeseh.
1863 1994 2041 2079 Sept.
2103 1997 2231 2059 242
2279 1996 2361 2064 ὧν
2409 1996 2541 2082 ἁλῷ
2587 2000 2785 2074 πόλις,
2857 2018 2980 2058 ex-.

626 2110 938 2196 pugnatio
970 2118 1044 2174 ut
1076 2110 1254 2174 faeta
1284 2110 1606 2174 statuitur.
1658 2110 1845 2176 Eum.
1881 2112 2009 2174 663
2043 2116 2249 2198 βλάψῃ
2297 2110 2639 2196 „Schaden
2671 2112 2963 2196 zufiigt.“

626 2250 680 2290 c.
730 2248 942 2312 praes.
994 2226 1206 2290 Prom.
1258 2228 1344 2290 35
1394 2228 1460 2302 ὅς
1504 2242 1701 2314 κρατῇ
1755 2250 1877 2312 „au
1929 2228 2045 2290 der
2093 2226 2481 2292 Herrsohaft
2527 2230 2669 2292 ist.“
2723 2252 2777 2292 0.
2829 2252 2967 2296 301.

630 2342 824 2428 Soph.
876 2342 992 2408 OC
1042 2342 1172 2408 394
1220 2346 1288 2418 ὃς
1336 2352 1468 2420 νέος
1514 2352 1675 2430 πέσῃ
1731 2366 1847 2430 „zu
1897 2342 2079 2408 Falle
2127 2342 2437 2408 kommt.“
2491 2366 2547 2408 0.
2598 2366 2809 2430 praes.
2859 2346 2967 2410 Ai.

632 2444 894 2547 1159sp
942 2464 1266 2545 βιάζεσθαι
1310 2472 1478 2547 παρῇ
1562 2482 1731 2545 „wer
1799 2458 1903 2525 die
1971 2458 2227 2525 Gewalt
2295 2460 2407 2525 hat
2457 2511 2469 2523 .
2523 2511 2535 2523 .
2591 2462 2645 2525 .“
2745 2460 2969 2527 Pauca

626 2573 930 2658 exempla
978 2597 1062 2637 ex
1110 2573 1392 2637 Homero
1444 2575 1632 2657 elegi.
1685 2597 1739 2637 0.
1791 2597 1923 2639 301.
1985 2575 2059 2637 11.
2111 2577 2161 2639 P
2215 2577 2339 2639 134
2386 2581 2541 2645 λέων
2575 2627 2589 2643 .
2625 2629 2687 2643 ..
2733 2583 2741 2660 Ι
2793 2579 2839 2665 ᾧ
2887 2579 2968 2665 ῥα

624 2715 688 2755 τε
736 2689 894 2777 νήπι’
954 2689 1154 2773 ἄγοντι
1212 2697 1697 2777 συναντήσωνται
1757 2692 1817 2777 ἐν
1871 2687 1989 2775 ’ὅλῃ
2049 2695 2059 2771 Ι
2123 2691 2337 2777 ἄνδρες
2393 2691 2731 2781 ἐπακτῆρες
2817 2675 2977 2777 „a'uf

626 2803 914 2869 welchen
962 2807 1272 2869 stossen.“
1326 2827 1380 2871 0.
1430 2825 1642 2889 praes.
1693 2803 1769 2867 Il.
1821 2807 1883 2871 Φ
1933 2805 2061 2869 323
2111 2807 2207 2873 ὅτε
2257 2831 2353 2895 μιν
2399 2813 2713 2875 θάπτωσιν
2769 2809 2967 2893 „alles

626 2943 740 2983 zur
790 2919 1214 3005 Beerdigung
1260 2919 1500 3003 Notige
1550 2919 1769 2983 thun.“
1851 2923 1899 2987 Γ
1949 2921 2053 2985 62.
2105 2923 2339 3009 ἀνέρος,
2389 2924 2455 2997 ὃς
2505 2923 2583 3009 ῥά
2630 2949 2691 2987 τε
2739 2927 2959 3015 τέχνῃ]

624 3047 788 3125 νήϊον
822 3039 1202 3124 ἐκτάμνῃσιν,
1254 3039 1500 3127 ὀφέλλει
1534 3037 1811 3125 δ’ἀνδρὸς
1855 3039 2069 3127 ἐρωήν.
2165 3039 2479 3103 Videmus
2529 3039 2739 3107 virum
2787 3041 2967 3105 labo-

625 3161 898 3217 rantem.
992 3153 1050 3217 H
1100 3155 1230 3217 260
1276 3163 1606 3243 σφήκεσσιν
1648 3207 1660 3219 .
1709 3207 1721 3219 .
1765 3205 1779 3219 .
1831 3157 1935 3231 οὓς
1983 3159 2191 3231 παῖδες
2239 3157 2653 3241 ἐριδμαίνωσιν
2699 3161 2965 3235 ἔθοντες.

628 3267 942 3331 Videmus
991 3289 1224 3351 pueros
1274 3269 1568 3333 ludentes
1618 3279 1679 3333 et
1729 3271 2109 3333 excitantes.
2205 3269 2495 3353 Theogn.
2553 3273 2701 3339 609.
2751 3297 2959 3359 praee.

626 3395 690 3447 et
738 3407 868 3447 aor.
920 3391 1138 3471 γῐγεται
1184 3383 1310 3451 οὐδ’
1362 3387 1444 3451 ἔτι
1488 3389 1699 3463 καλόν,
1749 3373 1867 3471 ὅτῳ
1907 3389 2123 3472 ψεῦδος
2155 3403 2553 3477 προσομαρτῇ
2595 3390 2605 3477 Ι
2649 3393 2815 3477 ἀνδρὶ
2861 3399 2965 3459 καὶ

626 3501 856 3587 ἐξέλθῃ
882 3515 1114 3585 πρῶτον
1142 3501 1260 3565 ἀπὸ
1286 3509 1584 3587 στόματος
1624 3499 1781 3585 „der
1807 3501 2117 3584 verlogen
2153 3503 2233 3567 ist
2267 3503 2399 3567 und
2437 3505 2583 3567 dem
2611 3505 2957 3571 entflieht.“

628 3615 890 3699 Optime
936 3615 1132 3699 igitur
1180 3613 1458 3699 scriptor
1506 3615 1989 3681 coniunctivum
2053 3627 2207 3701 (non
2257 3619 2705 3703 indicativum,
2773 3643 2963 3707 quem

626 3731 872 3795 scilicet
918 3735 1156 3815 potest)
1204 3731 1566 3815 usurpabit,
1632 3733 1687 3796 si
1745 3741 2035 3819 tempore
2091 3735 2387 3817 neglecto
2437 3735 2813 3821 qualitatem
2861 3759 2963 3801 ac·

624 3847 816 3909 tionis
866 3845 1240 3929 depicturus
1288 3855 1404 3911 est.

840 3961 970 4025 Sed
996 3971 1066 4025 ut
1094 3961 1176 4025 ad
1204 3963 1689 4027 coniunctivum
1719 3965 1925 4049 ipsum
1946 3965 2311 4049 redeamus,
2347 3967 2761 4029 coniunctivo
2785 3967 2963 4051 locis,

628 4099 786 4161 quos
850 4099 1048 4161 supra
1112 4077 1320 4161 attuli,
1390 4079 1845 4163 praedicatum
1901 4089 1969 4143 ut
2027 4089 2475 4163 exspectatum
2535 4081 2959 4163 significatur.

628 4191 756 4255 Sed
831 4193 1006 4277 apud
1070 4201 1358 4277 posteros
1424 4197 1777 4279 praecipue
1845 4197 2017 4279 apud
2088 4197 2419 4281 prosaicos
2491 4199 2963 4285 coniunctivus,

628 4307 682 4371 si
730 4307 814 4373 ad
866 4311 1418 4391 exspectationem
1468 4311 1967 4395 significandam
2017 4313 2385 4399 adhibetur,
2449 4337 2593 4381 cum
2645 4317 2967 4401 particula

626 4427 700 4491 ἄν
748 4421 1058 4505 coniungi
1104 4423 1284 4487 solet.
1382 4425 1530 4505 Qua
1580 4427 1658 4489 de
1709 4427 2051 4511 particula,
2117 4451 2309 4495 eruce
2365 4431 2965 4515 grammaticorum,
