3327 5013
175 1 364 29 -Ἣῗςνῑ-

774 1060 816 1128 Ι.
876 1060 960 1124 De
1010 1076 1106 1124 ee.
1156 1056 1334 1138 rr.'¹⁸‚
1384 1076 1540 1142 quae
1584 1058 1987 1123 exclamative
2037 1058 2335 1124 dicuntur.

596 1244 704 1308 Ee.
754 1266 840 1308 rr.
864 1248 928 1328 1),
1004 1266 1148 1306 cum
1218 1242 1380 1304 ordo
1444 1264 1478 1304 e
1538 1240 1789 1304 ratione
1859 1240 2151 1322 sumitur,
2225 1262 2393 1324 quae
2457 1240 2725 1304 interest

378 1358 546 1422 inter
592 1382 646 1424 e.
698 1380 748 1424 r.
800 1370 862 1420 et
910 1358 1334 1440 enuntiatum,
1406 1356 1492 1420 ad
1540 1356 1717 1442 quod
1773 1354 1933 1420 illud
1991 1356 2289 1438 refertur,
2363 1354 2725 1420 dividenda

378 1484 528 1536 sunt
578 1478 638 1536 in
690 1496 784 1538 ec.
822 1494 906 1536 rr.
944 1472 1314 1536 necessaria
1364 1480 1426 1536 et
1474 1494 1602 1536 non
1654 1462 2045 1536 necessaria.
2095 1470 2239 1534 Non
2285 1472 2723 1534 necessarium

376 1598 512 1652 tum
562 1590 708 1652 dico
758 1612 812 1654 e.
862 1612 936 1672 r.‚
1010 1612 1155 1653 cum
1218 1590 1644 1672 enuntiatum,
1715 1588 1799 1652 ad
1865 1590 2035 1674 quod
2107 1590 2407 1674 refertur,
2477 1612 2593 1674 per
2655 1612 2723 1652 se

374 1714 548 1768 stare
598 1714 806 1790 potest
856 1728 1062 1792 neque
1110 1704 1242 1769 ullo
1292 1706 1743 1790 supplemento
1795 1714 1967 1788 eget,
2035 1706 2497 1788 necessarium,
2573 1729 2721 1770 oum

376 1822 800 1904 enuntiatum,
876 1822 958 1886 ad
1008 1822 1180 1906 quod
1232 1846 1286 1886 e.
1336 1844 1388 1886 r.
1440 1822 1741 1905 refertur,
1815 1822 1953 1884 sine
2003 1846 2057 1886 e.
2109 1832 2233 1884 ι’.νο
2291 1830 2403 1884 aut
2461 1822 2717 1886 omnino

374 1936 664 2020 intellegi
714 1962 840 2000 non
894 1946 1102 2022 potest
1152 1946 1262 2002 aut
1310 1938 1544 2002 falsum
1594 1958 1855 2000 sensum
1911 1936 2256 2020 p1·aebet.2)
2309 1938 2419 2000 Ee.
2465 1960 2551 2002 rr.
2587 1936 2721 2002 alia

374 2050 514 2134 hoc,
588 2052 720 2116 alia
790 2052 896 2114 illo
970 2076 1234 2116 munere
1304 2052 1689 2134 funguntur.
1789 2052 1995 2116 Multa
2052 2076 2143 2118 ee.
2203 2074 2287 2116 rr.
2359 2052 2719 2115 orationem

376 2166 754 2230 continuant
788 2166 1022 2232 Aesch.
1062 2168 1238 2232 Pers.
1272 2170 1400 2230 477
1452 2166 1556 2246 (ed
1596 2166 1851 2232 Weckl.
1893 2166 2083 2252 1885)
2131 2166 2285 2234 κούκ
2319 2170 2677 2256 ἀπήρκεσαν
2709 2170 2713 2256 Ι

372 2286 476 2358 οὓς
524 2292 758 2370 πρόσθε
794 2285 1118 2370 Μαραθὼν
1151 2290 1474 2370 βαρβάρων
1510 2286 1839 2350 ἀπώλεσεν.
1883 2284 1891 2370 Ι
1933 2286 2015 2350 ὧν
2049 2272 2353 2350 ἀντίποινα
2389 2296 2531 2358 παῖς
2565 2286 2717 2368 ἐμὸς

370 2402 614 2484 πράξειν
664 2404 858 2466 δοκῶν
900 2400 908 2484 Ι
950 2404 1188 2466 τοσόνδε
1236 2404 1481 2486 πλῆθος
1530 2408 1823 2488 πημάτων
1867 2400 2201 2466 ἐπέσπασεν
2243 2404 2253 2482 l
2299 2450 2311 2464 .
2364 2400 2437 2462 Ε.
2473 2412 2595 2464 ι’.νο
2629 2402 2711 2466 ὧν

372 2523 492 2583 ἀντ.
544 2515 748 2579 oratio
808 2515 1242 2599 continuatur,
1316 2537 1462 2579 cum
1528 2537 1701 2579 nova
1763 2515 2085 2578 sententia
2145 2515 2473 2599 asseritur,
2547 2539 2713 2601 quae

370 2633 860 2695 antecedentem
932 2641 1220 2717 temporo
1288 2631 1394 2695 vel
1464 2631 1859 2715 cogitatione
1931 2633 2221 2717 sequitur
2295 2631 2713 2717 eiusdemque

370 2749 672 2809 momenti
724 2757 836 2811 est.
904 2749 1032 2829 (De
1076 2748 1328 2831 origine
1364 2771 1548 2831 pron.
1584 2747 1699 2811 rel.
1737 2749 1819 2813 cf.
1857 2747 2223 2831 Windisch,
2277 2747 2457 2813 Ourt.
2495 2749 2585 2817 St,
2623 2749 2711 2813 Π.

368 2885 432 2947 p.
482 2865 658 2945 201).
754 2863 828 2925 In
880 2863 1166 2925 eiusdem
1225 2863 1484 2945 generis
1544 2863 1861 2947 exemplis
1919 2863 2195 2947 legimus
2253 2865 2709 2948 imperativum

368 2979 580 3041 Prom.
632 2979 782 3061 814,
832 2979 996 3043 coni.
1048 2977 1298 3063 prohib.
1354 2979 1570 3041 Prom.
1608 2981 1735 3043 743
1791 2981 2153 3063 optativum
2205 2979 2321 3043 Ch.
2361 2981 2509 3045 264.
2561 2981 2711 3045 Alia

364 3103 514 3157 sunt
562 3117 656 3159 ee.
706 3117 814 3175 rr„
882 3093 1116 3179 quibus
1178 3093 1528 3179 explicatio
1592 3095 2005 3163 contineatur
2065 3095 2301 3161 Aesch.
2351 3097 2529 3161 Pers,
2581 3097 2709 3163 809

366 3209 434 3277 οὗ
482 3237 616 3299 σφιν
666 3227 876 3279 κακῶν
924 3211 1117 3299 ῧψιστ’
1166 3213 1494 3299 ἐπαμμένει
1544 3217 1783 3289 παθεῖν,
1837 3215 1845 3291 Ι
1895 3209 2125 3297 ὕβρεως
2183 3215 2405 3281 ἄποινα
2459 3217 2709 3283 κάθέων

364 3335 764 3413 φρονημάτων
806 3323 870 3405 ’Ἰ
936 3331 994 3393 οἳ
1040 3341 1148 3415 γῆν
1198 3333 1483 3415 μολόντες
1532 3329 1785 3391 Ἑλλάδ’
1833 3325 1903 3393 οὗ
1951 3333 2113 3393 θεῶν
2161 3333 2343 3417 βρέτη
2395 3331 2403 3409 Ι
2455 3329 2709 3417 ᾐδοῦντο

364 3447 554 3507 συλᾶν
604 3441 740 3507 οὗδὲ
788 3451 1122 3529 πιμπράναι
1170 3451 1358 3519 νεώς·
1416 3443 1528 3507 Ee.
1596 3465 1679 3507 rr.
1747 3443 2125 3527 pronomine
2183 3443 2455 3507 relativo
2517 3443 2703 3507 alteri

362 3559 464 3619 eto
498 3557 812 3619 adiuncta
846 3557 926 3619 de
961 3581 1120 3619 voce
1156 3557 1486 3621 relationis
1536 3561 1729 3649 (σφιν)
1777 3557 2019 3643 aliquid
2073 3559 2479 3645 praedicant,
2531 3561 2705 3645 quod

362 3680 558 3735 totam
610 3673 994 3737 sententiam
1044 3673 1346 3759 explicet.
1400 3673 1845 3739 Indicativum
1893 3675 2029 3737 fere
2077 3697 2333 3759 semper
2381 3675 2507 3759 legi
2557 3699 2705 3739 con-

360 3797 738 3851 sentaneum
790 3795 918 3869 est3
978 3799 1090 3871 opt
1160 3797 1290 3873 pot.
1344 3791 1426 3855 of.
1482 3789 1715 3853 Aesch.
1767 3789 1993 3873 Suppl.
2047 3791 2197 3873 657,
2255 3791 2557 3875 Denique
2607 3815 2701 3857 ee.

360 3923 446 3967 rr.
498 3903 936 3987 inveniuntur,
1004 3925 1172 3989 quae
1222 3905 1610 3969 sententiam
1660 3905 2035 3969 contineant
2089 3905 2227 3969 fere
2285 3907 2701 3989 superfluam.

578 4155 618 4217 ¹)
658 4155 980 4207 enuntiata
1018 4153 1292 4207 relativa.

572 4253 614 4315 ²)
656 4251 852 4303 Etiam
894 4251 968 4305 de
1018 4254 1346 4305 enuntiatis
1396 4253 1849 4307 adverbialibus
1903 4255 2225 4307 dicendum
2275 4259 2383 4307 est.
2459 4255 2575 4311 Sed
2627 4271 2699 4309 ea

358 4351 594 4399 tantum
634 4351 966 4415 respiciam,
1020 4351 1082 4401 in
1132 4351 1352 4419 quibus
1402 4352 1494 4405 vis
1534 4353 1775 4421 proprie
1813 4353 2071 4407 relativa
2111 4353 2539 4405 adverbiorum
2577 4369 2697 4407 ser-

358 4451 502 4497 vata
542 4453 649 4497 est.
