3327 5013
1731 422 1771 486 8

576 616 800 696 Quare
868 626 1144 702 apparet
1208 618 1372 680 haec
1436 618 1773 682 enuntia-ta
1839 640 1966 680 non
2031 618 2295 680 multum
2359 618 2623 682 differre
2681 622 2763 684 ab
2823 622 2921 702 iis,

576 754 746 816 quae
780 754 1096 816 persaepe
1132 742 1274 816 post
1312 732 1514 796 verba
1554 734 1905 798 affectuum
1947 734 2365 796 inveniuntur
2397 758 2449 798 e.
2489 758 2551 818 g.
2589 734 2663 800 Il.
2701 740 2751 804 Θ
2787 738 2915 802 :286

576 850 624 912 ὢ
674 858 872 928 πόποι,
922 850 960 936 ἦ
1010 856 1168 1074 μᾏοι
1212 856 1432 936 θαῦμα
1488 850 1610 916 τόδ’
1669 850 2083 936 ὀφθαλμοῖσιν
2139 850 2397 936 ὁρῶμαι,
2441 854 2450 932 Ι
2493 852 2615 918 οἷον
2665 856 2739 940 δὴ
2789 852 2919 918 αὖτ’

576 964 808 1039 ἐξαῦτις
878 966 1054 1032 ἀνὲοτ
1144 978 1302 1052 ῆρας
1358 968 1588 1040 ἁλὺξας
1648 964 1939 1050 ΙἽΞκτωρ
1977 1016 1989 1028 .
2025 1016 2039 1028 .
2075 1016 2089 1028 .
2185 964 2653 1028 Admirationis
2721 990 2921 1030 causa

580 1080 846 1142 affertur
894 1080 978 1144 cf.
1028 1078 1102 1144 Il.
1154 1082 1204 1144 E
1258 1080 1380 1142 757
1430 1080 1488 1144 H
1542 1080 1689 1144 744.
1749 1080 2021 1150 Vertere
2053 1080 2261 1142 solent
2293 1082 2381 1146 ὅτι
2415 1094 2571 1148 τοῖον
2607 1134 2619 1146 .
2659 1082 2759 1144 Ex
2799 1106 2919 1146 usu
3003 1071 3011 1076 ⁴

580 1194 1094 1258 demonstrativo
1144 1198 1286 1272 οἷον,
1336 1194 1486 1258 olim
1534 1210 1711 1274 τοῖον,
1775 1194 1877 1258 hic
1926 1218 2077 1258 usus
2125 1194 2437 1258 facillime
2485 1198 2919 1278 cognoscitur.

582 1310 654 1372 111
720 1310 798 1372 iis
868 1320 1082 1374 autem
1142 1310 1478 1394 exemplis»,
1550 1334 1718 1394 quae
1783 1310 2289 1374 exclamationes
2357 1324 2697 1394 vocantur,
2769 1312 2923 1398 quia

582 1428 870 1498 affectus*
902 1428 1100 1490 totius
1148 1426 1272 1490 loci
1322 1427 1386 1490 in
1434 1426 1757 1490 locutione
1821 1426 2007 1506 inest,
2079 1450 2247 1512 quac
2297 1452 2349 1492 c.
2401 1440 2524 1492 ΝΟ
2575 1428 2919 1510 antecedit,

580 1550 836 1606 constat
884 1542 1054 1606 hanc
1098 1542 1486 1608 locutionem
1536 1566 1574 1606 a
1622 1542 1827 1606 verbo
1879 1544 2151 1606 affectus
2215 1566 2339 1606 non
2409 1544 2635 1628 procul
2695 1542 2921 1606 abesse

580 1680 792 1722 sensu.
888 1660 1106 1742 Atque
1154 1680 1224 1720 re
1274 1680 1434 1722 vera
1484 1680 1576 1722 ee.
1626 1680 1737 1740 rr.,
1787 1680 1957 1744 quae
2007 1658 2445 1722 exclamativa
2485 1658 2919 1742 nominantur,

581 1798 824 1858 eorum,
872 1774 1108 1860 quibus
1156 1774 1506 1858 explicatio
1556 1774 1777 1838 verbis
1827 1776 2176 1838 affectuum
2227 1774 2511 1860 additur,
2561 1784 2795 1838 natura
2841 1776 2921 1838 si-

580 1890 758 1954 milia
806 1914 966 1974 esse,
1034 1898 1102 1954 ut
1164 1890 1470 1974 pleraque
1520 1914 1741 1954 eorum
1791 1892 2017 1954 eodem
2069 1890 2257 1954 modo
2307 1890 2625 1974 explicari
2675 1892 2925 1974 possint

582 2010 734 2090 (οἷος
760 2040 826 2060 =
852 2020 1030 2086 τοῖος,
1066 2020 1224 2082 τοῖος
1256 2014 1390 2094 γάρ,
1426 2008 1514 2074 ὅτι
1546 2022 1727 2086 τοῖος,
1763 2010 1845 2084 ὡς
1873 2040 1939 2062 z
1961 2008 2049 2074 ὅτι
2085 2006 2321 2090 οὕτως),
2373 2006 2513 2070 aliis
2561 2006 2719 2070 locis
2753 2028 2923 2068 com-

582 2122 918 2208 probatur.
1014 2122 1178 2184 Sunt
1248 2122 1418 2184 enim
1486 2120 1630 2204 loci,
1711 2122 1945 2208 quibus
2013 2124 2381 2186 coniunctio
2443 2146 2593 2184 vere
2641 2120 2923 2186 causalis

582 2238 1090 2302 interiectionem
1170 2246 1476 2324 sequatur
1556 2238 1628 2302 ΙΙ.
1692 2240 1815 2300 431
1899 2244 2035 2314 τοὺς
2093 2242 2155 2302 δὲ
2211 2240 2351 2304 ἰδὼν
2409 2240 2625 2328 ἐλέησε
2685 2240 2921 2324 Κρόνον)

582 2364 724 2430 πάις
777 2356 1234 2442 ἀγκυλομήτεω,
1267 2354 1488 2444 [ἽἸρην
1520 2358 1582 2418 δὲ
1616 2362 1929 2440 προσέειπε
1963 2364 2327 2444 κασιγνήτην
2363 2356 2597 2442 ἄλοχόν
2629 2380 2709 2418 τε.
2739 2352 2743 2438 Ι
2771 2356 2925 2438 ὦμοι

582 2472 752 2555 ἐγών,
802 2472 900 2537 ὅτε
948 2496 1048 2557 μοι
1096 2470 1460 2561 Σαρπηδόνα
1508 2474 1791 2561 φίλτατον
1841 2472 2087 2557 ἀνδρῶν,
2135 2476 2141 2551 Ι
2185 2472 2341 2557 μοῖρ’*
2383 2468 2493 2537 ὑπὸ
2536 2472 2921 2555 Πατρόκλοιο

582 2589 984 2653 Μενοιτιάδαο
1018 2589 1300 2675 δαμῆναι,
1354 2585 1592 2649 Verbis
1626 2587 1723 2651 ὅτε
1759 2595 1877 2649 etc.
1923 2587 2192 2647 affectus
2243 2585 2481 2647 doloris
2531 2583 2921 2667 explicatur,

586 2703 696 2787 qui
744 2703 912 2765 inest
958 2703 1020 2763 in
1076 2699 1294 2763 verbis
1344 2703 1496 2789 ὦμοι
1530 2703 1697 2785 ἐγών.
1749 2699 1971 2763 Simile
2021 2699 2389 2785 exemplum
2431 2709 2523 2763 est
2567 2699 2641 2763 Il.
2677 2701 2737 2763 A
2771 2701 2921 2767 517.

585 2819 748 2883 Puto
796 2817 924 2881 huc
970 2817 1292 2901 pertinere
1342 2815 1534 2879 etiam
1584 2819 1632 2881 Ω
1669 2817 1797 2879 255
1831 2819 1985 2903 ὤμοι
2017 2817 2133 2901 ἐγὼ
2167 2825 2579 2905 πανάποτμος,
2631 2819 2757 2883 ἐπεὶ
2789 2839 2923 2901 ch.

584 2933 712 2997 Hic
774 2955 932 2997 sane
992 2933 1076 2997 ad
1133 2931 1642 2995 interiectionem
1707 2931 1985 3017 primum
2041 2955 2109 2995 se
2159 2931 2449 3017 applicat
2507 2931 2923 2995 adiectivum.

798 3049 1060 3111 Deinde
1108 3047 1496 3133 particulam
1544 3051 1648 3127 ὡς,
1701 3049 1753 3111 si
1801 3071 1871 3111 re
1919 3071 2081 3113 vera.
2129 3049 2213 3113 ad
2269 3047 2811 3111 exclamationem
2861 3057 2929 3109 ut

588 3165 920 3249 propriam
969 3163 1276 3247 loquendi
1326 3165 1598 3227 formam
1648 3165 1985 3251 („Typus“
2031 3165 2327 3245 Brugm.)
2377 3161 2735 3225 adhibitam
2787 3183 2927 3225 csse

588 3281 782 3343 etiam
832 3279 1105 3365 pristina
1152 3289 1362 3341 aetate
1412 3280 1771 3361 statuimus»,
1823 3287 1999 3341 certe
2047 3285 2523 3361 exspectamuS,
2575 3275 2785 3361 qualis
2833 3285 2927 3339 est

588 3395 756 3463 illius
792 3393 1154 3479 particulae
1186 3395 1598 3477 significatiO,
1648 3393 1945 3479 qualitati
1995 3393 2321 3457 notandae
2357 3393 2691 3457 inservire.
2745 3393 2927 3455 Idem

588 3511 768 3575 cadit
814 3511 880 3573 in
930 3513 1070 3589 οἷον,
1120 3511 1175 3573 si
1224 3533 1430 3595 aeque
1478 3517 1675 3593 atque
1723 3509 1805 3585 ὡς
1855 3509 1938 3573 ad
1991 3509 2443 3593 praedicatum
2475 3517 2745 3591 spectat.
2797 3507 2925 3571 Sed

590 3627 740 3691 huic
788 3625 1248 3709 significationi
1296 3623 1586 3687 nonnulli
1634 3623 1759 3687 loci
1807 3647 2177 3709 repugnare
2227 3625 2549 3687 videntur.
2603 3623 2927 3705 Cognosci

590 3751 806 3829 potest
854 3743 964 3805 illa
1014 3741 1114 3805 vis
1162 3741 1240 3807 Il.
1288 3743 1352 3807 Φ
1400 3743 1550 3825 441,
1606 3741 1719 3805 ubi
1769 3743 1853 3817 ὡς
1903 3741 1985 3805 ad
2037 3741 2431 3805 adiectivum
2483 3741 2783 3825 pertinet,
2845 3741 2927 3815 ὡς

592 3863 790 3937 ἄνοον,
842 3879 1036 3943 quam
1084 3857 1368 3939 stultum,
1426 3865 1488 3919 et
1536 3855 1662 3921 Od.
1713 3885 1747 3923 ο
1799 3859 1881 3921 25
1931 3857 2013 3933 ὡς
2063 3859 2269 3945 ἐπιτμ,
2329 3877 2523 3941 quam
2571 3854 2929 3939 loquaciter

592 3977 674 4043 cf.
724 3979 846 4043 οἷον
906 3973 1030 4039 Od.
1082 4001 1122 4039 α
1170 3975 1254 4037 32
1320 3971 1390 4037 Il.
1444 3977 1492 4039 E
1540 3975 1689 4039 596.
1759 3973 1959 4037 Plane
2025 3973 2157 4035 alia
2223 3995 2323 4035 res
2391 3979 2487 4033 est
2551 3969 2625 4035 Il.
2679 3973 2741 4035 Φ
2797 3971 2925 4034 272

594 4093 904 4181 Πηλεΐδης
952 4093 1270 4177 δῷμωξεν,
1318 4089 1458 4155 ’ἰδὼν
1506 4091 1568 4165 ἐς
1618 4089 1869 4175 οὐρανὸν
1917 4087 2127 4173 εὐρὺν·
2171 4087 2179 4175 Ι
2223 4089 2333 4153 Ζεῦ
2367 4093 2573 4171 πάτερ,
2625 4087 2707 4161 ὡς
2741 4087 2809 4153 035
2843 4093 2931 4161 τίς

592 4233 668 4297 με
716 4215 878 4273 θεῶν
926 4207 1182 4271 ἐλεεινὸν
1230 4203 1454 4293 ὑπέστη
1498 4209 1506 4283 Ι
1548 4205 1618 4271 ἐκ
1665 4219 1961 4291 ποταμοῖο
2009 4217 2245 4269 σαῶσαι
2275 4225 2287 4239 ·
2321 4201 2547 4285 Neque
2591 4201 2761 4263 enim
2811 4201 2933 4263 hoc

592 4321 736 4387 loco
786 4321 1000 4403 agitur
1049 4321 1128 4381 de
1180 4319 1312 4383 ulla
1362 4319 1671 4405 qualitate
1715 4319 1883 4383 illius
1915 4319 2243 4407 ὑποστῆναι
2277 4327 2387 4381 aut
2419 4331 2675 4383 σαῶσαι.
2727 4317 2931 4379 Immo

592 4445 798 4503 totum
846 4459 898 4501 e.
952 4457 1000 4501 r.
1052 4435 1376 4519 particula
1424 4435 1526 4512 ὡς,
1588 4459 1775 4519 quae,
1837 4433 2009 4519 quod
2069 4434 2153 4497 ad
2203 4435 2463 4497 sensum
2511 4435 2759 4515 attinet,
2827 4431 2933 4495 hic
